2118 2698
1041 205 1082 237 25

271 308 416 340 mentum
443 315 513 339 esse
538 315 611 338 eum
637 316 704 339 non
730 316 806 339 vero
833 303 991 348 Cynthiae
1015 314 1122 338 amore
1147 302 1382 338 inflammatum
1407 303 1524 338 fuisse.
1574 303 1655 338 Nam
1689 304 1747 348 qni
1783 303 1854 339 fieri

271 366 380 400 posse,
405 357 444 388 ut
468 353 512 396 is,
546 364 641 397 quem
675 356 764 388 tanta
798 352 913 396 forma,
949 355 1038 386 tanta
1072 352 1175 398 gratia
1208 363 1276 386 non
1306 351 1462 394 tenuerit,
1496 351 1567 387 eius
1598 363 1720 390 memor
1752 352 1798 387 sit
1823 354 1856 386 et

271 403 366 437 fidem
392 401 521 436 servet²
572 401 697 436 Deinde
723 402 824 437 altero
852 400 990 436 disticho
1017 400 1161 436 ostendit
1185 412 1329 435 summae
1354 401 1494 435 duritiae
1519 412 1590 435 esse
1615 401 1854 458 testimoninm,

271 452 301 485 si
327 451 402 495 quis
427 449 517 485 lucro
543 449 685 496 puellam
708 454 832 485 mutare
857 449 965 496 possit
990 449 1032 494 (i.
1059 460 1086 483 e.
1114 449 1195 484 lucri
1221 449 1368 484 studium
1394 449 1500 494 pluris
1518 449 1624 492 faciat,
1651 461 1747 493 quam
1771 450 1854 485 ami-

271 499 372 546 cam):
407 511 519 534 omnes
552 499 639 534 enim
673 498 801 534 Africae
831 498 964 534 divitias
998 510 1065 533 non
1101 498 1184 533 tanti
1220 508 1308 540 esse,
1352 501 1390 533 ut
1424 498 1532 544 puella
1570 501 1674 532 amata
1706 497 1852 534 lacrimas

272 549 311 583 ob
328 549 409 583 istas
434 548 556 584 fundat.
580 569 582 571 ·
608 548 677 582 Iam
702 560 779 583 vero
807 547 946 583 disticho
973 548 1069 582 tertio
1095 550 1221 593 tempus
1248 547 1379 582 venisse
1405 550 1513 582 censet
1538 546 1638 582 falsas
1664 548 1745 582 istas
1771 548 1853 583 ima-

271 597 363 642 gines
390 597 577 643 expellendi.
629 596 680 631 Ita
706 597 792 631 enim
819 596 1003 640 Cynthiam-
1018 596 1209 640 alloquitur:
1238 595 1308 638 „At
1334 599 1384 636 tu,
1411 607 1488 630 num
1515 596 1591 630 adeo
1618 596 1718 630 stulta
1744 607 1791 639 es,
1816 599 1854 631 ut

234 686 237 687 ⁷
270 646 380 681 inania
407 647 500 682 verba
526 646 645 692 fingas,
672 646 693 680 i.
721 657 747 681 e.
774 648 811 680 ut
838 656 920 681 vana
947 656 1004 690 spe
1030 648 1060 679 te
1085 645 1156 691 ipsa
1181 643 1300 679 fallas?
1350 644 1468 679 Nonne
1497 644 1601 680 sentis
1629 647 1660 679 te
1686 645 1790 690 decipi
1816 647 1853 680 ab

270 694 351 729 illo?
388 695 602 739 Nunquamne
626 695 685 735 tibi
713 695 747 729 in
775 697 914 729 mentem
939 694 1031 729 venit
1055 706 1090 728 ea
1116 694 1267 739 cogitatio
1295 694 1365 728 ideo
1392 693 1486 728 illum
1504 697 1535 728 te
1553 694 1745 737 deseruisse,
1768 694 1854 738 quod

270 747 379 788 pectus
406 744 475 777 eius
502 755 588 778 novo
614 755 720 777 amore
746 746 931 788 occupatum
957 742 1023 776 sit?
1074 743 1163 789 (Vox
1197 742 1393 777 forsitan
1421 754 1488 777 non
1514 744 1585 777 sine
1611 743 1719 787 aliqua
1744 743 1853 778 irrisi-

271 803 332 826 one
358 795 388 826 et
414 791 618 827 cavillatione
644 791 726 826 dicta
752 795 813 835 est,
839 790 928 825 velut
953 792 983 826 si
1003 791 1178 836 germanice
1192 791 1294 825 dicas:
1322 791 1384 825 wie
1409 791 1518 825 denn?
1544 802 1641 825 wenn
1667 803 1737 826 nun
1758 792 1854 837 jener

271 840 508 875 vielleicht
541 841 612 874 sein
640 840 713 874 herz
739 852 778 874 an
814 840 885 874 eine
918 851 999 874 neue
1033 840 1166 885 geliebte
1190 839 1331 885 gehangt
1362 839 1464 874 haben
1491 839 1650 874 sollte?
1701 840 1740 874 ld
1765 840 1853 875 enim

271 901 373 935 genus
399 890 537 932 dicendi,
564 901 627 933 quo
654 901 717 932 res,
744 901 824 933 quae
849 892 934 923 certo
960 888 1075 923 certior
1100 891 1161 931 est,
1188 888 1369 923 dubitanter
1394 888 1569 934 profertur,
1597 889 1714 923 mirum
1746 900 1851 933 quan-

269 942 338 972 tum
369 939 461 972 habet
495 938 660 973 irrisionis
694 942 724 972 et
758 937 1020 983 stimulationis.)
1070 938 1133 972 Sed
1169 938 1260 981 quasi
1287 938 1407 971 sentiat
1438 941 1532 983 poeta
1557 949 1591 971 se
1616 938 1747 983 longius
1773 949 1851 984 pro-

270 998 415 1032 gressum
441 998 523 1028 esse,
557 987 613 1020 illa
647 988 834 1030 quaestione
870 986 990 1020 omissa
1023 987 1142 1020 transit
1167 987 1205 1020 ad
1238 986 1364 1020 laudem
1390 986 1548 1030 Cynthiae
1574 987 1705 1030 eiusque
1732 986 1847 1028 forma,

270 1036 404 1079 artibus,
431 1036 512 1070 clara
538 1036 675 1080 origine,
710 1035 852 1069 fortunis
888 1035 923 1068 in
950 1037 1034 1069 astra
1068 1034 1203 1069 sublatis
1238 1034 1322 1068 nihil
1347 1035 1530 1077 miseratur,
1562 1035 1628 1069 nisi
1654 1035 1739 1078 quod
1765 1035 1849 1070 fidus

269 1084 388 1118 amicus
423 1085 451 1118 ei
483 1085 577 1119 desit.
628 1084 794 1118 Postremo
830 1095 864 1116 se
898 1084 1006 1129 ipsum
1038 1084 1136 1118 fidum
1172 1083 1352 1129 profitendo
1388 1082 1560 1127 Cynthiam
1587 1083 1718 1126 invitat,
1753 1087 1789 1118 ut
1815 1084 1849 1118 in

270 1144 363 1167 suum
389 1132 567 1177 amplexum
594 1136 743 1168 recurrat.

919 1256 924 1259 ,
966 1222 1007 1264 V,
1033 1221 1067 1266 2,
1095 1221 1152 1256 34.

630 1281 803 1316 Faunus
829 1282 1025 1327 plumoso
1050 1294 1137 1317 sum
1163 1283 1262 1317 deus
1289 1284 1481 1328 aucupio.

391 1344 554 1388 Quantum
580 1347 719 1389 praestet
745 1344 857 1378 ceteris
884 1345 1042 1379 codicibus
1068 1344 1148 1379 liber
1172 1344 1417 1390 Neapolitanus,
1443 1356 1480 1378 ex
1498 1344 1643 1379 hocloco
1662 1357 1850 1391 cognoscere

269 1396 420 1438 possunt,
448 1394 504 1437 qui
530 1405 645 1427 sanum
672 1393 835 1427 oculorum
857 1405 954 1429 ,usum
981 1394 1124 1427 nondum
1151 1394 1378 1428 dedidicerant.
1418 1393 1482 1428 Sed
1507 1394 1695 1439 priusqam
1720 1395 1759 1428 ad
1784 1406 1850 1429 rem

268 1443 372 1487 ipsam
397 1443 578 1485 veniamus,
604 1442 781 1484 videamus,
809 1442 885 1486 quid
911 1443 1005 1477 verba
1030 1442 1105 1483 ista,
1133 1443 1265 1487 quaein
1286 1443 1435 1476 omnibus
1463 1442 1659 1477 editionibus
1685 1443 1848 1489 leguntur,

268 1491 464 1536 significent.
516 1490 691 1535 Postquam
718 1503 748 1527 v.
777 1491 833 1528 33.
862 1491 1057 1526 Vertumnus
1084 1503 1119 1526 se
1145 1491 1287 1526 cassibus
1314 1491 1478 1536 impositis
1511 1492 1621 1526 venari
1648 1492 1671 1528 i.
1698 1503 1724 1528 e.
1749 1503 1849 1527 vena-

267 1540 348 1573 toris
375 1540 511 1584 speciem
538 1540 649 1574 habere
675 1541 768 1582 dixit,
795 1552 881 1574 nunc
907 1541 994 1574 addit
1019 1552 1052 1574 se
1069 1541 1250 1575 harundine
1276 1544 1403 1584 sumpta
1419 1539 1569 1575 Faunum
1589 1541 1682 1575 deum
1700 1541 1847 1586 plumoso

268 1589 402 1633 aucupio
437 1599 516 1623 esse.
570 1588 831 1623 Audacissimum
865 1588 1006 1633 profecto
1041 1589 1166 1623 dicendi
1192 1592 1311 1634 genus!
1362 1588 1505 1632 Namque
1539 1589 1626 1622 aliud
1653 1593 1702 1623 est
1727 1590 1846 1623 dicere:

268 1662 291 1679 ,
281 1637 430 1682 speciem
456 1635 585 1676 furabor
610 1636 727 1679 Iacchi,
752 1636 882 1670 furabor
906 1636 1050 1671 Phoebi“
1078 1639 1124 1682 (v.
1153 1637 1211 1671 31.
1239 1637 1328 1682 32.‚)
1355 1636 1462 1670 aliud:
1490 1637 1585 1682 „ipse
1611 1649 1669 1687 ego
1696 1637 1847 1671 Vertum-

268 1698 329 1721 nus
357 1685 529 1719 Faunus
555 1686 751 1742 plumoso
778 1697 867 1720 sum
893 1686 995 1720 deus
1029 1687 1251 1731 aucupio.“
1303 1685 1427 1721 Deinde
1461 1686 1629 1720 verborum
1664 1686 1846 1732 plumoso

258 1735 466 1780 -aucupio,
492 1746 561 1768 cum
588 1735 642 1768 vix
668 1734 754 1768 aliud
781 1735 859 1778 quid
883 1746 953 1769 esse
978 1736 1119 1780 possint,
1147 1747 1240 1779 quani
1277 1734 1434 1769 ablativus
1462 1735 1639 1790 qualitatis,
1674 1735 1848 1769 durissima

267 1787 316 1818 est
350 1786 520 1826 structura,
556 1783 743 1828 praesertim
778 1795 848 1817 cum
882 1783 967 1819 nihil
1001 1787 1126 1829 poetam
1160 1784 1341 1829 impediret,
1376 1784 1550 1827 quominus
1581 1787 1733 1818 consueto
1760 1795 1848 1818 more

267 1833 451 1878 genetivum
486 1835 629 1876 poneret.
689 1831 737 1867 Cf.
774 1830 867 1868 Ovid.
904 1835 978 1869 met.
1013 1831 1075 1875 XI,
1112 1832 1202 1867 160:
1238 1833 1329 1876 isque
1363 1833 1481 1866 deum
1514 1833 1686 1878 pecoris
1721 1832 1846 1878 (Pana)

267 1884 424 1926 spectans
476 1880 538 1914 Sed
563 1885 600 1915 ut
625 1880 814 1926 planissima
848 1881 956 1915 omnia
990 1882 1057 1915 sint
1093 1885 1123 1915 et
1149 1882 1242 1916 verba
1276 1882 1339 1915 ista
1365 1881 1571 1926 aptissimum
1597 1893 1728 1916 sensum
1754 1893 1847 1927 prae—

265 1930 372 1972 beant,
407 1933 513 1963 tamen
550 1930 666 1964 codicis
700 1928 739 1962 N.
776 1929 869 1963 lectio
905 1930 996 1963 nullo
1034 1933 1126 1974 pacto
1165 1933 1232 1964 erat
1270 1930 1479 1975 neglegenda.
1539 1930 1617 1964 Nam
1656 1942 1727 1965 cum
1766 1929 1847 1964 illud

266 1976 440 2012 Faunus
466 1978 500 2011 in
529 1977 739 2023 Groningano
766 1977 902 2021 aliisque
929 1978 1138 2013 deterioribus
1164 1978 1256 2012 libris
1282 1978 1419 2023 legatur,
1453 1979 1488 2012 in
1519 1978 1730 2024 Neapolitano
1765 1980 1847 2013 scri-

267 2030 358 2071 ptum
383 2029 432 2059 est
457 2026 592 2062 fauor.
643 2026 818 2070 Utramque
844 2027 1033 2072 scripturam
1066 2026 1221 2062 conflavit
1246 2026 1503 2072 Hamburgensis
1534 2027 1651 2061 codicis
1685 2027 1846 2062 lihran’us.

268 2074 400 2108 Invenit
427 2075 511 2108 enim
537 2076 571 2108 in
599 2075 769 2119 exemplari
795 2086 853 2109 suo
880 2075 1020 2117 fauor,
1046 2076 1137 2109 cuius
1165 2078 1321 2109 extremae
1341 2075 1481 2118 syllabae
1505 2076 1757 2120 superscriptum
1783 2075 1847 2109 fuit

1408 2130 1443 2150 119

267 2168 345 2190 nus
371 2157 422 2191 vel
448 2156 557 2202 potius
583 2168 640 2202 per
664 2156 887 2202 compendium
914 2168 960 2198 n9
986 2156 1020 2190 in
1053 2156 1135 2191 hanc
1169 2156 1304 2203 speciem
1332 2155 1475 2200 fauor,
1506 2156 1591 2191 unde
1624 2155 1847 2202 prodigiosum

266 2206 454 2240 vocabulum
479 2205 666 2240 fauonor
693 2205 798 2240 finxit.
851 2205 944 2249 Vide,
971 2217 1051 2250 quae
1077 2206 1217 2241 diximus
1243 2206 1281 2240 ad
1308 2205 1349 2248 V,
1379 2206 1436 2248 11,
1463 2205 1521 2241 24.
1560 2205 1755 2250 Quamquam
1774 2205 1847 2251 ipsa

266 2253 469 2300 Neapolitani
505 2254 662 2300 scriptura
697 2265 762 2288 non
783 2258 851 2302 ¹est
884 2254 1074 2297 incolumis,
1118 2256 1174 2289 sed
1208 2258 1311 2290 tamen
1348 2265 1415 2289 non
1456 2255 1522 2289 nisi
1556 2254 1654 2289 unius
1687 2254 1848 2288 litterulae

1581 2313 1600 2342 4
