<?xml version="1.0" encoding="UTF-8"?>
<!DOCTYPE html PUBLIC "-//W3C//DTD XHTML 1.0 Transitional//EN"
    "http://www.w3.org/TR/xhtml1/DTD/xhtml1-transitional.dtd">
<html xmlns="http://www.w3.org/1999/xhtml" xml:lang="en" lang="en">
 <head>
  <title>
</title>
<meta http-equiv="Content-Type" content="text/html;charset=utf-8" />
  <meta name='ocr-system' content='tesseract 3.04.00' />
  <meta name='ocr-capabilities' content='ocr_page ocr_carea ocr_par ocr_line ocrx_word'/>
</head>
<body>
  <div class='ocr_page' id='page_1' title='image "4765521_0010.png"; bbox 0 0 2118 2698; ppageno 0'>
   <div class='ocr_carea' id='block_1_1' title="bbox 1020 223 1041 252">
    <p class='ocr_par' dir='ltr' id='par_1_1' title="bbox 1020 223 1041 252">
     <span class='ocr_line' id='line_1_1' title="bbox 1020 223 1041 252; baseline 0 0"><span class='ocrx_word' id='word_1_1' title='bbox 1020 223 1041 252; x_wconf 85' lang='lat'>4</span> 
     </span>
    </p>
   </div>
   <div class='ocr_carea' id='block_1_2' title="bbox 929 263 1131 271">
    <p class='ocr_par' dir='ltr' id='par_1_2' title="bbox 929 263 1131 271">
     <span class='ocr_line' id='line_1_2' title="bbox 929 263 1131 271; baseline 0 0"><span class='ocrx_word' id='word_1_2' title='bbox 929 263 1131 271; x_wconf 95' lang='lat' dir='ltr'><strong> </strong></span> 
     </span>
    </p>
   </div>
   <div class='ocr_carea' id='block_1_3' title="bbox 227 312 1828 1731">
    <p class='ocr_par' dir='ltr' id='par_1_3' title="bbox 229 312 1828 1339">
     <span class='ocr_line' id='line_1_3' title="bbox 234 312 1828 366; baseline 0.002 -11"><span class='ocrx_word' id='word_1_3' title='bbox 234 321 354 366; x_wconf 83' lang='lat' dir='ltr'><strong>partim</strong></span> <span class='ocrx_word' id='word_1_4' title='bbox 380 332 490 354; x_wconf 88' lang='lat' dir='ltr'><strong>eorum</strong></span> <span class='ocrx_word' id='word_1_5' title='bbox 516 324 624 365; x_wconf 88' lang='lat' dir='ltr'><strong>patres</strong></span> <span class='ocrx_word' id='word_1_6' title='bbox 652 324 683 354; x_wconf 90' lang='lat' dir='ltr'><strong>et</strong></span> <span class='ocrx_word' id='word_1_7' title='bbox 708 320 759 354; x_wconf 91' lang='lat' dir='ltr'><strong>avi</strong></span> <span class='ocrx_word' id='word_1_8' title='bbox 786 321 921 365; x_wconf 78' lang='lat' dir='ltr'><strong>profecti</strong></span> <span class='ocrx_word' id='word_1_9' title='bbox 949 324 1037 356; x_wconf 88' lang='lat' dir='ltr'><strong>sunt.</strong></span> <span class='ocrx_word' id='word_1_10' title='bbox 1085 321 1200 363; x_wconf 83' lang='lat' dir='ltr'><strong>Causa,</strong></span> <span class='ocrx_word' id='word_1_11' title='bbox 1227 332 1283 355; x_wconf 88' lang='lat' dir='ltr'><strong>cur</strong></span> <span class='ocrx_word' id='word_1_12' title='bbox 1307 323 1374 354; x_wconf 86' lang='lat' dir='ltr'><strong>tam</strong></span> <span class='ocrx_word' id='word_1_13' title='bbox 1398 331 1471 355; x_wconf 88' lang='lat' dir='ltr'><strong>sero</strong></span> <span class='ocrx_word' id='word_1_14' title='bbox 1497 331 1601 365; x_wconf 83' lang='lat' dir='ltr'><strong>neque</strong></span> <span class='ocrx_word' id='word_1_15' title='bbox 1625 320 1701 366; x_wconf 77' lang='lat' dir='ltr'><strong>plus</strong></span> <span class='ocrx_word' id='word_1_16' title='bbox 1726 312 1828 358; x_wconf 54' lang='lat' dir='ltr'><strong>unum</strong></span> 
     </span>
     <span class='ocr_line' id='line_1_4' title="bbox 234 368 1827 415; baseline 0.002 -12"><span class='ocrx_word' id='word_1_17' title='bbox 234 369 394 414; x_wconf 85' lang='lat' dir='ltr'><strong>exemplar</strong></span> <span class='ocrx_word' id='word_1_18' title='bbox 419 381 436 403; x_wconf 92' lang='lat' dir='ltr'><strong>e</strong></span> <span class='ocrx_word' id='word_1_19' title='bbox 462 368 627 404; x_wconf 85' lang='lat' dir='ltr'><strong>Petrarcae</strong></span> <span class='ocrx_word' id='word_1_20' title='bbox 652 368 735 403; x_wconf 91' lang='lat' dir='ltr'><strong>libro</strong></span> <span class='ocrx_word' id='word_1_21' title='bbox 761 368 930 404; x_wconf 85' lang='lat' dir='ltr'><strong>deductum</strong></span> <span class='ocrx_word' id='word_1_22' title='bbox 957 380 1027 403; x_wconf 88' lang='lat' dir='ltr'><strong>esse</strong></span> <span class='ocrx_word' id='word_1_23' title='bbox 1052 372 1175 414; x_wconf 85' lang='lat' dir='ltr'><strong>putem,</strong></span> <span class='ocrx_word' id='word_1_24' title='bbox 1211 368 1286 404; x_wconf 85' lang='lat' dir='ltr'><strong>haec</strong></span> <span class='ocrx_word' id='word_1_25' title='bbox 1312 371 1372 405; x_wconf 86' lang='lat' dir='ltr'><strong>est.</strong></span> <span class='ocrx_word' id='word_1_26' title='bbox 1424 368 1501 415; x_wconf 84' lang='lat' dir='ltr'><strong>Ipse</strong></span> <span class='ocrx_word' id='word_1_27' title='bbox 1526 371 1632 404; x_wconf 81' lang='lat' dir='ltr'><strong>status</strong></span> <span class='ocrx_word' id='word_1_28' title='bbox 1659 369 1715 413; x_wconf 88' lang='lat' dir='ltr'><strong>qui</strong></span> <span class='ocrx_word' id='word_1_29' title='bbox 1740 380 1827 406; x_wconf 81' lang='lat' dir='ltr'><strong>nune</strong></span> 
     </span>
     <span class='ocr_line' id='line_1_5' title="bbox 233 417 1826 465; baseline 0.001 -13"><span class='ocrx_word' id='word_1_30' title='bbox 233 421 283 452; x_wconf 91' lang='lat' dir='ltr'><strong>est</strong></span> <span class='ocrx_word' id='word_1_31' title='bbox 309 418 487 453; x_wconf 79' lang='lat' dir='ltr'><strong>carminum</strong></span> <span class='ocrx_word' id='word_1_32' title='bbox 500 417 788 463; x_wconf 85' lang='lat' dir='ltr'><strong>Propertianorum</strong></span> <span class='ocrx_word' id='word_1_33' title='bbox 815 417 879 452; x_wconf 80' lang='lat' dir='ltr'><strong>alta</strong></span> <span class='ocrx_word' id='word_1_34' title='bbox 905 429 982 453; x_wconf 86' lang='lat' dir='ltr'><strong>voce</strong></span> <span class='ocrx_word' id='word_1_35' title='bbox 1002 418 1115 452; x_wconf 89' lang='lat' dir='ltr'><strong>clamat</strong></span> <span class='ocrx_word' id='word_1_36' title='bbox 1134 420 1276 463; x_wconf 88' lang='lat' dir='ltr'><strong>tempore</strong></span> <span class='ocrx_word' id='word_1_37' title='bbox 1295 417 1469 462; x_wconf 75' lang='lat' dir='ltr'><strong>nescioquo</strong></span> <span class='ocrx_word' id='word_1_38' title='bbox 1490 417 1651 463; x_wconf 82' lang='lat' dir='ltr'><strong>exemplar</strong></span> <span class='ocrx_word' id='word_1_39' title='bbox 1662 417 1826 465; x_wconf 77' lang='lat' dir='ltr'><strong>Propertii</strong></span> 
     </span>
     <span class='ocr_line' id='line_1_6' title="bbox 234 466 1826 511; baseline 0.001 -10"><span class='ocrx_word' id='word_1_40' title='bbox 234 467 395 507; x_wconf 79' lang='lat' dir='ltr'><strong>extitisse,</strong></span> <span class='ocrx_word' id='word_1_41' title='bbox 423 467 508 511; x_wconf 90' lang='lat' dir='ltr'><strong>quod</strong></span> <span class='ocrx_word' id='word_1_42' title='bbox 534 467 717 501; x_wconf 87' lang='lat' dir='ltr'><strong>miserrimo</strong></span> <span class='ocrx_word' id='word_1_43' title='bbox 744 466 853 501; x_wconf 88' lang='lat' dir='ltr'><strong>babitu</strong></span> <span class='ocrx_word' id='word_1_44' title='bbox 880 469 1033 502; x_wconf 89' lang='lat' dir='ltr'><strong>uteretur.</strong></span> <span class='ocrx_word' id='word_1_45' title='bbox 1086 466 1127 500; x_wconf 89' lang='lat' dir='ltr'><strong>In</strong></span> <span class='ocrx_word' id='word_1_46' title='bbox 1154 466 1236 500; x_wconf 93' lang='lat' dir='ltr'><strong>libro</strong></span> <span class='ocrx_word' id='word_1_47' title='bbox 1268 466 1358 509; x_wconf 76' lang='lat' dir='ltr'><strong>enim</strong></span> <span class='ocrx_word' id='word_1_48' title='bbox 1395 466 1535 501; x_wconf 83' lang='lat' dir='ltr'><strong>secundo</strong></span> <span class='ocrx_word' id='word_1_49' title='bbox 1562 469 1593 501; x_wconf 92' lang='lat' dir='ltr'><strong>et</strong></span> <span class='ocrx_word' id='word_1_50' title='bbox 1617 467 1715 502; x_wconf 85' lang='lat' dir='ltr'><strong>tertio</strong></span> <span class='ocrx_word' id='word_1_51' title='bbox 1741 468 1826 503; x_wconf 81' lang='lat' dir='ltr'><strong>exei-</strong></span> 
     </span>
     <span class='ocr_line' id='line_1_7' title="bbox 234 515 1826 558; baseline 0.001 -8"><span class='ocrx_word' id='word_1_52' title='bbox 234 516 322 550; x_wconf 84' lang='lat' dir='ltr'><strong>disse</strong></span> <span class='ocrx_word' id='word_1_53' title='bbox 355 515 430 558; x_wconf 86' lang='lat' dir='ltr'><strong>alia.,</strong></span> <span class='ocrx_word' id='word_1_54' title='bbox 467 516 529 550; x_wconf 85' lang='lat' dir='ltr'><strong>alia</strong></span> <span class='ocrx_word' id='word_1_55' title='bbox 564 515 683 550; x_wconf 81' lang='lat' dir='ltr'><strong>falsum</strong></span> <span class='ocrx_word' id='word_1_56' title='bbox 719 515 823 550; x_wconf 88' lang='lat' dir='ltr'><strong>locum</strong></span> <span class='ocrx_word' id='word_1_57' title='bbox 858 519 978 558; x_wconf 88' lang='lat' dir='ltr'><strong>tenere,</strong></span> <span class='ocrx_word' id='word_1_58' title='bbox 1011 516 1046 550; x_wconf 89' lang='lat' dir='ltr'><strong>in</strong></span> <span class='ocrx_word' id='word_1_59' title='bbox 1082 515 1232 551; x_wconf 89' lang='lat' dir='ltr'><strong>omnibus</strong></span> <span class='ocrx_word' id='word_1_60' title='bbox 1266 518 1372 551; x_wconf 89' lang='lat' dir='ltr'><strong>autem</strong></span> <span class='ocrx_word' id='word_1_61' title='bbox 1404 515 1496 551; x_wconf 91' lang='lat' dir='ltr'><strong>libris</strong></span> <span class='ocrx_word' id='word_1_62' title='bbox 1522 516 1712 551; x_wconf 83' lang='lat' dir='ltr'><strong>innumeros</strong></span> <span class='ocrx_word' id='word_1_63' title='bbox 1738 515 1826 552; x_wconf 81' lang='lat' dir='ltr'><strong>locos</strong></span> 
     </span>
     <span class='ocr_line' id='line_1_8' title="bbox 232 564 1825 610; baseline 0.001 -11"><span class='ocrx_word' id='word_1_64' title='bbox 232 568 404 610; x_wconf 85' lang='lat' dir='ltr'><strong>corruptos</strong></span> <span class='ocrx_word' id='word_1_65' title='bbox 431 576 502 599; x_wconf 85' lang='lat' dir='ltr'><strong>esse</strong></span> <span class='ocrx_word' id='word_1_66' title='bbox 528 564 833 599; x_wconf 82' lang='lat' dir='ltr'><strong>manifestissimum</strong></span> <span class='ocrx_word' id='word_1_67' title='bbox 867 568 925 601; x_wconf 85' lang='lat' dir='ltr'><strong>est.</strong></span> <span class='ocrx_word' id='word_1_68' title='bbox 979 564 1057 600; x_wconf 84' lang='lat' dir='ltr'><strong>Fuit</strong></span> <span class='ocrx_word' id='word_1_69' title='bbox 1092 564 1204 610; x_wconf 86' lang='lat' dir='ltr'><strong>igitur,</strong></span> <span class='ocrx_word' id='word_1_70' title='bbox 1239 568 1331 610; x_wconf 88' lang='lat' dir='ltr'><strong>puto,</strong></span> <span class='ocrx_word' id='word_1_71' title='bbox 1367 565 1528 610; x_wconf 87' lang='lat' dir='ltr'><strong>exemplar</strong></span> <span class='ocrx_word' id='word_1_72' title='bbox 1560 564 1642 600; x_wconf 92' lang='lat' dir='ltr'><strong>illud</strong></span> <span class='ocrx_word' id='word_1_73' title='bbox 1675 564 1825 610; x_wconf 80' lang='lat' dir='ltr'><strong>lacerum,</strong></span> 
     </span>
     <span class='ocr_line' id='line_1_9' title="bbox 233 613 1826 659; baseline 0.001 -12"><span class='ocrx_word' id='word_1_74' title='bbox 233 613 364 659; x_wconf 82' lang='lat' dir='ltr'><strong>paginis</strong></span> <span class='ocrx_word' id='word_1_75' title='bbox 391 614 523 655; x_wconf 87' lang='lat' dir='ltr'><strong>solutis,</strong></span> <span class='ocrx_word' id='word_1_76' title='bbox 550 613 671 647; x_wconf 91' lang='lat' dir='ltr'><strong>litteris</strong></span> <span class='ocrx_word' id='word_1_77' title='bbox 698 613 856 649; x_wconf 87' lang='lat' dir='ltr'><strong>evanidis.</strong></span> <span class='ocrx_word' id='word_1_78' title='bbox 906 613 983 647; x_wconf 84' lang='lat' dir='ltr'>Tale</span> <span class='ocrx_word' id='word_1_79' title='bbox 1010 614 1111 648; x_wconf 83' lang='lat' dir='ltr'><strong>fuisse</strong></span> <span class='ocrx_word' id='word_1_80' title='bbox 1137 613 1376 657; x_wconf 87' lang='lat' dir='ltr'><strong>aliquando</strong></span> <span class='ocrx_word' id='word_1_81' title='bbox 1403 613 1563 658; x_wconf 87' lang='lat' dir='ltr'><strong>exemplar</strong></span> <span class='ocrx_word' id='word_1_82' title='bbox 1588 625 1682 648; x_wconf 88' lang='lat' dir='ltr'><strong>nemo</strong></span> <span class='ocrx_word' id='word_1_83' title='bbox 1709 625 1826 659; x_wconf 84' lang='lat' dir='ltr'><strong>negare</strong></span> 
     </span>
     <span class='ocr_line' id='line_1_10' title="bbox 232 660 1825 707; baseline 0.002 -12"><span class='ocrx_word' id='word_1_84' title='bbox 232 665 353 706; x_wconf 88' lang='lat' dir='ltr'><strong>potest,</strong></span> <span class='ocrx_word' id='word_1_85' title='bbox 381 673 439 707; x_wconf 87' lang='lat' dir='ltr'><strong>ego</strong></span> <span class='ocrx_word' id='word_1_86' title='bbox 467 673 543 696; x_wconf 89' lang='lat' dir='ltr'><strong>vcro</strong></span> <span class='ocrx_word' id='word_1_87' title='bbox 570 662 679 707; x_wconf 89' lang='lat' dir='ltr'><strong>ipsum</strong></span> <span class='ocrx_word' id='word_1_88' title='bbox 702 661 783 696; x_wconf 87' lang='lat' dir='ltr'><strong>illud</strong></span> <span class='ocrx_word' id='word_1_89' title='bbox 804 661 1046 697; x_wconf 89' lang='lat' dir='ltr'><strong>Petrarcianum</strong></span> <span class='ocrx_word' id='word_1_90' title='bbox 1071 674 1107 696; x_wconf 92' lang='lat' dir='ltr'><strong>eo</strong></span> <span class='ocrx_word' id='word_1_91' title='bbox 1134 664 1220 695; x_wconf 85' lang='lat' dir='ltr'><strong>statu</strong></span> <span class='ocrx_word' id='word_1_92' title='bbox 1246 660 1349 696; x_wconf 89' lang='lat' dir='ltr'><strong>fuisse</strong></span> <span class='ocrx_word' id='word_1_93' title='bbox 1375 662 1532 707; x_wconf 75' lang='lat' dir='ltr'><strong>suspicor.</strong></span> <span class='ocrx_word' id='word_1_94' title='bbox 1574 661 1694 696; x_wconf 78' lang='lat' dir='ltr'><strong>Incidit</strong></span> <span class='ocrx_word' id='word_1_95' title='bbox 1719 666 1825 698; x_wconf 87' lang='lat' dir='ltr'><strong>autem</strong></span> 
     </span>
     <span class='ocr_line' id='line_1_11' title="bbox 232 710 1824 756; baseline 0.001 -12"><span class='ocrx_word' id='word_1_96' title='bbox 232 711 267 744; x_wconf 91' lang='lat' dir='ltr'><strong>in</strong></span> <span class='ocrx_word' id='word_1_97' title='bbox 295 722 411 744; x_wconf 86' lang='lat' dir='ltr'><strong>manus</strong></span> <span class='ocrx_word' id='word_1_98' title='bbox 438 711 532 745; x_wconf 84' lang='lat' dir='ltr'><strong>scioli</strong></span> <span class='ocrx_word' id='word_1_99' title='bbox 560 711 772 752; x_wconf 79' lang='lat' dir='ltr'><strong>nesciocuius,</strong></span> <span class='ocrx_word' id='word_1_100' title='bbox 809 722 875 745; x_wconf 91' lang='lat' dir='ltr'><strong>non</strong></span> <span class='ocrx_word' id='word_1_101' title='bbox 910 722 1043 756; x_wconf 91' lang='lat' dir='ltr'><strong>prorsus</strong></span> <span class='ocrx_word' id='word_1_102' title='bbox 1075 710 1196 745; x_wconf 90' lang='lat' dir='ltr'><strong>indocti</strong></span> <span class='ocrx_word' id='word_1_103' title='bbox 1230 721 1332 754; x_wconf 88' lang='lat' dir='ltr'><strong>neque</strong></span> <span class='ocrx_word' id='word_1_104' title='bbox 1364 710 1445 745; x_wconf 89' lang='lat' dir='ltr'><strong>satis</strong></span> <span class='ocrx_word' id='word_1_105' title='bbox 1472 710 1570 754; x_wconf 81' lang='lat' dir='ltr'><strong>docti,</strong></span> <span class='ocrx_word' id='word_1_106' title='bbox 1607 711 1662 755; x_wconf 89' lang='lat' dir='ltr'><strong>qui</strong></span> <span class='ocrx_word' id='word_1_107' title='bbox 1688 711 1824 746; x_wconf 83' lang='lat' dir='ltr'><strong>medicas</strong></span> 
     </span>
     <span class='ocr_line' id='line_1_12' title="bbox 234 758 1824 804; baseline 0.002 -12"><span class='ocrx_word' id='word_1_108' title='bbox 234 770 348 792; x_wconf 89' lang='lat' dir='ltr'><strong>manus</strong></span> <span class='ocrx_word' id='word_1_109' title='bbox 375 758 547 804; x_wconf 83' lang='lat' dir='ltr'><strong>Propertio</strong></span> <span class='ocrx_word' id='word_1_110' title='bbox 574 759 792 804; x_wconf 82' lang='lat' dir='ltr'><strong>applicaturus</strong></span> <span class='ocrx_word' id='word_1_111' title='bbox 820 760 1014 793; x_wconf 84' lang='lat' dir='ltr'><strong>carminibus</strong></span> <span class='ocrx_word' id='word_1_112' title='bbox 1049 760 1119 793; x_wconf 91' lang='lat' dir='ltr'><strong>eius</strong></span> <span class='ocrx_word' id='word_1_113' title='bbox 1154 759 1198 792; x_wconf 92' lang='lat' dir='ltr'><strong>ita</strong></span> <span class='ocrx_word' id='word_1_114' title='bbox 1231 759 1410 803; x_wconf 79' lang='lat' dir='ltr'><strong>opitulatus</strong></span> <span class='ocrx_word' id='word_1_115' title='bbox 1445 762 1506 802; x_wconf 86' lang='lat' dir='ltr'><strong>est,</strong></span> <span class='ocrx_word' id='word_1_116' title='bbox 1541 763 1578 793; x_wconf 93' lang='lat' dir='ltr'><strong>ut</strong></span> <span class='ocrx_word' id='word_1_117' title='bbox 1609 759 1705 804; x_wconf 90' lang='lat' dir='ltr'><strong>plena</strong></span> <span class='ocrx_word' id='word_1_118' title='bbox 1737 760 1824 795; x_wconf 84' lang='lat' dir='ltr'><strong>salus</strong></span> 
     </span>
     <span class='ocr_line' id='line_1_13' title="bbox 233 807 1824 854; baseline 0.001 -12"><span class='ocrx_word' id='word_1_119' title='bbox 233 807 325 842; x_wconf 91' lang='lat' dir='ltr'><strong>nullo</strong></span> <span class='ocrx_word' id='word_1_120' title='bbox 361 811 503 853; x_wconf 88' lang='lat' dir='ltr'><strong>tempore</strong></span> <span class='ocrx_word' id='word_1_121' title='bbox 540 807 697 854; x_wconf 83' lang='lat' dir='ltr'><strong>speranda</strong></span> <span class='ocrx_word' id='word_1_122' title='bbox 730 807 785 842; x_wconf 85' lang='lat' dir='ltr'><strong>sit.</strong></span> <span class='ocrx_word' id='word_1_123' title='bbox 846 807 913 842; x_wconf 85' lang='lat' dir='ltr'><strong>Suo</strong></span> <span class='ocrx_word' id='word_1_124' title='bbox 949 808 1034 842; x_wconf 89' lang='lat' dir='ltr'><strong>enim</strong></span> <span class='ocrx_word' id='word_1_125' title='bbox 1069 807 1201 842; x_wconf 89' lang='lat' dir='ltr'><strong>arbitrio</strong></span> <span class='ocrx_word' id='word_1_126' title='bbox 1240 818 1367 852; x_wconf 90' lang='lat' dir='ltr'><strong>pannos</strong></span> <span class='ocrx_word' id='word_1_127' title='bbox 1406 807 1649 843; x_wconf 85' lang='lat' dir='ltr'><strong>diversissimos</strong></span> <span class='ocrx_word' id='word_1_128' title='bbox 1683 809 1824 852; x_wconf 85' lang='lat' dir='ltr'><strong>consuit,</strong></span> 
     </span>
     <span class='ocr_line' id='line_1_14' title="bbox 232 856 1824 903; baseline 0.001 -13"><span class='ocrx_word' id='word_1_129' title='bbox 232 856 376 895; x_wconf 80' lang='lat' dir='ltr'><strong>lacunas,</strong></span> <span class='ocrx_word' id='word_1_130' title='bbox 403 857 432 890; x_wconf 92' lang='lat' dir='ltr'><strong>si</strong></span> <span class='ocrx_word' id='word_1_131' title='bbox 460 869 521 900; x_wconf 90' lang='lat' dir='ltr'><strong>qua</strong></span> <span class='ocrx_word' id='word_1_132' title='bbox 547 857 635 890; x_wconf 85' lang='lat' dir='ltr'><strong>hiare</strong></span> <span class='ocrx_word' id='word_1_133' title='bbox 658 857 860 898; x_wconf 84' lang='lat' dir='ltr'><strong>videbantur,</strong></span> <span class='ocrx_word' id='word_1_134' title='bbox 888 857 1040 901; x_wconf 85' lang='lat' dir='ltr'><strong>explevit,</strong></span> <span class='ocrx_word' id='word_1_135' title='bbox 1066 857 1160 891; x_wconf 86' lang='lat' dir='ltr'><strong>verba</strong></span> <span class='ocrx_word' id='word_1_136' title='bbox 1187 857 1351 890; x_wconf 88' lang='lat' dir='ltr'><strong>obscurata</strong></span> <span class='ocrx_word' id='word_1_137' title='bbox 1377 856 1451 891; x_wconf 83' lang='lat' dir='ltr'><strong>aliis</strong></span> <span class='ocrx_word' id='word_1_138' title='bbox 1478 859 1509 890; x_wconf 88' lang='lat' dir='ltr'><strong>et</strong></span> <span class='ocrx_word' id='word_1_139' title='bbox 1537 856 1584 891; x_wconf 93' lang='lat' dir='ltr'><strong>eis</strong></span> <span class='ocrx_word' id='word_1_140' title='bbox 1610 868 1704 902; x_wconf 90' lang='lat' dir='ltr'><strong>saepe</strong></span> <span class='ocrx_word' id='word_1_141' title='bbox 1730 857 1824 903; x_wconf 88' lang='lat' dir='ltr'><strong>inep-</strong></span> 
     </span>
     <span class='ocr_line' id='line_1_15' title="bbox 232 904 1824 960; baseline 0.001 -22"><span class='ocrx_word' id='word_1_142' title='bbox 232 904 372 938; x_wconf 83' lang='lat' dir='ltr'><strong>tissimis</strong></span> <span class='ocrx_word' id='word_1_143' title='bbox 401 905 619 940; x_wconf 86' lang='lat' dir='ltr'><strong>commutavit.</strong></span> <span class='ocrx_word' id='word_1_144' title='bbox 673 904 710 938; x_wconf 89' lang='lat' dir='ltr'><strong>Si</strong></span> <span class='ocrx_word' id='word_1_145' title='bbox 738 916 804 938; x_wconf 89' lang='lat' dir='ltr'><strong>non</strong></span> <span class='ocrx_word' id='word_1_146' title='bbox 833 905 941 938; x_wconf 87' lang='lat' dir='ltr'><strong>omnia</strong></span> <span class='ocrx_word' id='word_1_147' title='bbox 966 905 1096 946; x_wconf 80' lang='lat' dir='ltr'><strong>fallunt,</strong></span> <span class='ocrx_word' id='word_1_148' title='bbox 1123 905 1169 938; x_wconf 88' lang='lat' dir='ltr'><strong>sic</strong></span> <span class='ocrx_word' id='word_1_149' title='bbox 1195 904 1246 938; x_wconf 88' lang='lat' dir='ltr'><strong>vel</strong></span> <span class='ocrx_word' id='word_1_150' title='bbox 1273 905 1425 938; x_wconf 88' lang='lat' dir='ltr'><strong>similiter</strong></span> <span class='ocrx_word' id='word_1_151' title='bbox 1451 905 1486 938; x_wconf 90' lang='lat' dir='ltr'><strong>in</strong></span> <span class='ocrx_word' id='word_1_152' title='bbox 1501 904 1706 960; x_wconf 78' lang='lat' dir='ltr'><strong>Propertium</strong></span> <span class='ocrx_word' id='word_1_153' title='bbox 1732 917 1824 950; x_wconf 87' lang='lat' dir='ltr'><strong>gras-</strong></span> 
     </span>
     <span class='ocr_line' id='line_1_16' title="bbox 231 952 1824 1000; baseline 0.001 -13"><span class='ocrx_word' id='word_1_154' title='bbox 231 956 338 987; x_wconf 87' lang='lat' dir='ltr'><strong>satum</strong></span> <span class='ocrx_word' id='word_1_155' title='bbox 373 956 432 989; x_wconf 84' lang='lat' dir='ltr'><strong>est.</strong></span> <span class='ocrx_word' id='word_1_156' title='bbox 484 952 564 988; x_wconf 80' lang='lat' dir='ltr'><strong>Nam</strong></span> <span class='ocrx_word' id='word_1_157' title='bbox 601 965 680 997; x_wconf 87' lang='lat' dir='ltr'><strong>quae</strong></span> <span class='ocrx_word' id='word_1_158' title='bbox 716 953 810 987; x_wconf 89' lang='lat' dir='ltr'><strong>hodie</strong></span> <span class='ocrx_word' id='word_1_159' title='bbox 843 956 953 987; x_wconf 79' lang='lat' dir='ltr'><strong>extant</strong></span> <span class='ocrx_word' id='word_1_160' title='bbox 986 954 1125 988; x_wconf 73' lang='lat' dir='ltr'><strong>carmina</strong></span> <span class='ocrx_word' id='word_1_161' title='bbox 1157 953 1319 998; x_wconf 81' lang='lat' dir='ltr'><strong>Propertii</strong></span> <span class='ocrx_word' id='word_1_162' title='bbox 1354 954 1486 988; x_wconf 89' lang='lat' dir='ltr'><strong>nomine</strong></span> <span class='ocrx_word' id='word_1_163' title='bbox 1521 953 1666 999; x_wconf 85' lang='lat' dir='ltr'><strong>insignia</strong></span> <span class='ocrx_word' id='word_1_164' title='bbox 1699 953 1727 988; x_wconf 92' lang='lat' dir='ltr'><strong>si</strong></span> <span class='ocrx_word' id='word_1_165' title='bbox 1754 954 1824 1000; x_wconf 88' lang='lat' dir='ltr'><strong>ipse</strong></span> 
     </span>
     <span class='ocr_line' id='line_1_17' title="bbox 231 1001 1823 1047; baseline 0.001 -12"><span class='ocrx_word' id='word_1_166' title='bbox 231 1005 341 1035; x_wconf 83' lang='lat' dir='ltr'><strong>auctor</strong></span> <span class='ocrx_word' id='word_1_167' title='bbox 376 1014 392 1036; x_wconf 83' lang='lat' dir='ltr'><strong>a</strong></span> <span class='ocrx_word' id='word_1_168' title='bbox 427 1004 564 1036; x_wconf 85' lang='lat' dir='ltr'><strong>mortuis</strong></span> <span class='ocrx_word' id='word_1_169' title='bbox 598 1003 808 1036; x_wconf 87' lang='lat' dir='ltr'><strong>resuscitatus</strong></span> <span class='ocrx_word' id='word_1_170' title='bbox 842 1002 982 1047; x_wconf 84' lang='lat' dir='ltr'><strong>aspicere</strong></span> <span class='ocrx_word' id='word_1_171' title='bbox 1018 1006 1140 1047; x_wconf 79' lang='lat' dir='ltr'><strong>posset,</strong></span> <span class='ocrx_word' id='word_1_172' title='bbox 1177 1001 1289 1037; x_wconf 87' lang='lat' dir='ltr'><strong>multis</strong></span> <span class='ocrx_word' id='word_1_173' title='bbox 1326 1002 1403 1036; x_wconf 88' lang='lat' dir='ltr'><strong>locis</strong></span> <span class='ocrx_word' id='word_1_174' title='bbox 1439 1014 1497 1036; x_wconf 89' lang='lat' dir='ltr'><strong>sua</strong></span> <span class='ocrx_word' id='word_1_175' title='bbox 1532 1014 1599 1036; x_wconf 91' lang='lat' dir='ltr'><strong>non</strong></span> <span class='ocrx_word' id='word_1_176' title='bbox 1625 1006 1823 1047; x_wconf 86' lang='lat' dir='ltr'><strong>agnosceret.</strong></span> 
     </span>
     <span class='ocr_line' id='line_1_18' title="bbox 231 1049 1823 1096; baseline 0.001 -12"><span class='ocrx_word' id='word_1_177' title='bbox 231 1049 379 1094; x_wconf 75' lang='lat' dir='ltr'><strong>Quonam</strong></span> <span class='ocrx_word' id='word_1_178' title='bbox 406 1054 512 1086; x_wconf 89' lang='lat' dir='ltr'><strong>autem</strong></span> <span class='ocrx_word' id='word_1_179' title='bbox 539 1051 650 1096; x_wconf 81' lang='lat' dir='ltr'><strong>potius</strong></span> <span class='ocrx_word' id='word_1_180' title='bbox 679 1053 822 1095; x_wconf 84' lang='lat' dir='ltr'><strong>tempore</strong></span> <span class='ocrx_word' id='word_1_181' title='bbox 850 1050 1014 1085; x_wconf 88' lang='lat' dir='ltr'><strong>hominem</strong></span> <span class='ocrx_word' id='word_1_182' title='bbox 1041 1053 1105 1085; x_wconf 80' lang='lat' dir='ltr'><strong>tam</strong></span> <span class='ocrx_word' id='word_1_183' title='bbox 1131 1050 1265 1096; x_wconf 87' lang='lat' dir='ltr'><strong>pinguis</strong></span> <span class='ocrx_word' id='word_1_184' title='bbox 1292 1050 1417 1095; x_wconf 84' lang='lat' dir='ltr'><strong>ingenii</strong></span> <span class='ocrx_word' id='word_1_185' title='bbox 1438 1054 1609 1095; x_wconf 86' lang='lat' dir='ltr'><strong>tantaeque</strong></span> <span class='ocrx_word' id='word_1_186' title='bbox 1631 1051 1823 1086; x_wconf 85' lang='lat' dir='ltr'><strong>temeritatis</strong></span> 
     </span>
     <span class='ocr_line' id='line_1_19' title="bbox 231 1098 1823 1145; baseline 0.001 -12"><span class='ocrx_word' id='word_1_187' title='bbox 231 1100 379 1134; x_wconf 83' lang='lat' dir='ltr'><strong>extitisse</strong></span> <span class='ocrx_word' id='word_1_188' title='bbox 406 1103 569 1145; x_wconf 80' lang='lat' dir='ltr'><strong>putemus,</strong></span> <span class='ocrx_word' id='word_1_189' title='bbox 608 1111 703 1143; x_wconf 89' lang='lat' dir='ltr'><strong>quam</strong></span> <span class='ocrx_word' id='word_1_190' title='bbox 730 1100 764 1133; x_wconf 90' lang='lat' dir='ltr'><strong>in</strong></span> <span class='ocrx_word' id='word_1_191' title='bbox 791 1099 933 1134; x_wconf 80' lang='lat' dir='ltr'><strong>confinio</strong></span> <span class='ocrx_word' id='word_1_192' title='bbox 961 1100 1052 1136; x_wconf 79' lang='lat' dir='ltr'><strong>XIV.</strong></span> <span class='ocrx_word' id='word_1_193' title='bbox 1081 1103 1111 1133; x_wconf 84' lang='lat' dir='ltr'><strong>et</strong></span> <span class='ocrx_word' id='word_1_194' title='bbox 1137 1099 1209 1136; x_wconf 86' lang='lat' dir='ltr'><strong>XV.</strong></span> <span class='ocrx_word' id='word_1_195' title='bbox 1238 1098 1381 1133; x_wconf 70' lang='lat' dir='ltr'><strong>saeculi?</strong></span> <span class='ocrx_word' id='word_1_196' title='bbox 1432 1099 1540 1134; x_wconf 86' lang='lat' dir='ltr'><strong>Huius</strong></span> <span class='ocrx_word' id='word_1_197' title='bbox 1575 1099 1720 1135; x_wconf 89' lang='lat' dir='ltr'><strong>hominis</strong></span> <span class='ocrx_word' id='word_1_198' title='bbox 1744 1111 1823 1145; x_wconf 89' lang='lat' dir='ltr'><strong>apo-</strong></span> 
     </span>
     <span class='ocr_line' id='line_1_20' title="bbox 230 1147 1823 1193; baseline 0.001 -12"><span class='ocrx_word' id='word_1_199' title='bbox 230 1147 377 1192; x_wconf 84' lang='lat' dir='ltr'><strong>graphon</strong></span> <span class='ocrx_word' id='word_1_200' title='bbox 413 1149 494 1190; x_wconf 81' lang='lat' dir='ltr'><strong>fuit,</strong></span> <span class='ocrx_word' id='word_1_201' title='bbox 532 1161 548 1181; x_wconf 86' lang='lat' dir='ltr'><strong>e</strong></span> <span class='ocrx_word' id='word_1_202' title='bbox 583 1159 645 1192; x_wconf 88' lang='lat' dir='ltr'><strong>quo</strong></span> <span class='ocrx_word' id='word_1_203' title='bbox 683 1151 843 1191; x_wconf 86' lang='lat' dir='ltr'><strong>tamquam</strong></span> <span class='ocrx_word' id='word_1_204' title='bbox 886 1148 977 1182; x_wconf 84' lang='lat' dir='ltr'><strong>sonte</strong></span> <span class='ocrx_word' id='word_1_205' title='bbox 1012 1148 1235 1193; x_wconf 84' lang='lat' dir='ltr'><strong>profluxerunt</strong></span> <span class='ocrx_word' id='word_1_206' title='bbox 1262 1159 1387 1189; x_wconf 89' lang='lat' dir='ltr'><strong>omnes,</strong></span> <span class='ocrx_word' id='word_1_207' title='bbox 1423 1151 1582 1192; x_wconf 90' lang='lat' dir='ltr'><strong>quotquot</strong></span> <span class='ocrx_word' id='word_1_208' title='bbox 1608 1151 1743 1183; x_wconf 86' lang='lat' dir='ltr'><strong>aetatem</strong></span> <span class='ocrx_word' id='word_1_209' title='bbox 1768 1151 1823 1183; x_wconf 80' lang='lat' dir='ltr'><strong>tu-</strong></span> 
     </span>
     <span class='ocr_line' id='line_1_21' title="bbox 230 1196 1822 1242; baseline 0.001 -13"><span class='ocrx_word' id='word_1_210' title='bbox 230 1196 351 1239; x_wconf 82' lang='lat' dir='ltr'><strong>lerunt,</strong></span> <span class='ocrx_word' id='word_1_211' title='bbox 386 1197 470 1233; x_wconf 86' lang='lat' dir='ltr'><strong>libri.</strong></span> <span class='ocrx_word' id='word_1_212' title='bbox 526 1197 627 1231; x_wconf 86' lang='lat' dir='ltr'><strong>Vetus</strong></span> <span class='ocrx_word' id='word_1_213' title='bbox 654 1197 709 1230; x_wconf 89' lang='lat' dir='ltr'><strong>ille</strong></span> <span class='ocrx_word' id='word_1_214' title='bbox 735 1197 830 1231; x_wconf 85' lang='lat' dir='ltr'><strong>codex</strong></span> <span class='ocrx_word' id='word_1_215' title='bbox 858 1197 1026 1238; x_wconf 82' lang='lat' dir='ltr'><strong>laceratus,</strong></span> <span class='ocrx_word' id='word_1_216' title='bbox 1053 1197 1219 1238; x_wconf 83' lang='lat' dir='ltr'><strong>deformis,</strong></span> <span class='ocrx_word' id='word_1_217' title='bbox 1246 1196 1329 1231; x_wconf 89' lang='lat' dir='ltr'><strong>lectu</strong></span> <span class='ocrx_word' id='word_1_218' title='bbox 1359 1196 1515 1239; x_wconf 83' lang='lat' dir='ltr'><strong>difficilis,</strong></span> <span class='ocrx_word' id='word_1_219' title='bbox 1542 1208 1612 1231; x_wconf 92' lang='lat' dir='ltr'><strong>cum</strong></span> <span class='ocrx_word' id='word_1_220' title='bbox 1639 1200 1703 1231; x_wconf 90' lang='lat' dir='ltr'><strong>tam</strong></span> <span class='ocrx_word' id='word_1_221' title='bbox 1729 1208 1822 1242; x_wconf 88' lang='lat' dir='ltr'><strong>prae-</strong></span> 
     </span>
     <span class='ocr_line' id='line_1_22' title="bbox 229 1245 1822 1291; baseline 0.001 -13"><span class='ocrx_word' id='word_1_222' title='bbox 229 1245 311 1279; x_wconf 86' lang='lat' dir='ltr'><strong>clara</strong></span> <span class='ocrx_word' id='word_1_223' title='bbox 326 1246 451 1280; x_wconf 89' lang='lat' dir='ltr'><strong>adesset</strong></span> <span class='ocrx_word' id='word_1_224' title='bbox 473 1258 557 1281; x_wconf 87' lang='lat' dir='ltr'><strong>nova</strong></span> <span class='ocrx_word' id='word_1_225' title='bbox 579 1246 734 1285; x_wconf 80' lang='lat' dir='ltr'><strong>recensio,</strong></span> <span class='ocrx_word' id='word_1_226' title='bbox 762 1249 873 1291; x_wconf 82' lang='lat' dir='ltr'><strong>postea</strong></span> <span class='ocrx_word' id='word_1_227' title='bbox 894 1249 1021 1290; x_wconf 81' lang='lat' dir='ltr'><strong>spretus</strong></span> <span class='ocrx_word' id='word_1_228' title='bbox 1044 1249 1075 1280; x_wconf 87' lang='lat' dir='ltr'><strong>et</strong></span> <span class='ocrx_word' id='word_1_229' title='bbox 1095 1245 1270 1287; x_wconf 85' lang='lat' dir='ltr'><strong>oblivione,</strong></span> <span class='ocrx_word' id='word_1_230' title='bbox 1298 1246 1382 1290; x_wconf 87' lang='lat' dir='ltr'><strong>quod</strong></span> <span class='ocrx_word' id='word_1_231' title='bbox 1402 1245 1687 1281; x_wconf 80' lang='lat' dir='ltr'><strong>vehementissime</strong></span> <span class='ocrx_word' id='word_1_232' title='bbox 1702 1246 1822 1288; x_wconf 80' lang='lat' dir='ltr'><strong>doleas,</strong></span> 
     </span>
     <span class='ocr_line' id='line_1_23' title="bbox 232 1294 1502 1339; baseline 0.002 -12"><span class='ocrx_word' id='word_1_233' title='bbox 232 1295 366 1328; x_wconf 84' lang='lat' dir='ltr'><strong>obrutus</strong></span> <span class='ocrx_word' id='word_1_234' title='bbox 395 1299 443 1329; x_wconf 90' lang='lat' dir='ltr'><strong>est</strong></span> <span class='ocrx_word' id='word_1_235' title='bbox 471 1307 574 1339; x_wconf 85' lang='lat' dir='ltr'><strong>neque</strong></span> <span class='ocrx_word' id='word_1_236' title='bbox 601 1306 675 1339; x_wconf 87' lang='lat' dir='ltr'><strong>spes</strong></span> <span class='ocrx_word' id='word_1_237' title='bbox 702 1294 767 1328; x_wconf 90' lang='lat' dir='ltr'><strong>ulla</strong></span> <span class='ocrx_word' id='word_1_238' title='bbox 793 1295 875 1336; x_wconf 84' lang='lat' dir='ltr'><strong>fore,</strong></span> <span class='ocrx_word' id='word_1_239' title='bbox 903 1298 938 1328; x_wconf 89' lang='lat' dir='ltr'><strong>ut</strong></span> <span class='ocrx_word' id='word_1_240' title='bbox 965 1295 1068 1329; x_wconf 84' lang='lat' dir='ltr'><strong>denuo</strong></span> <span class='ocrx_word' id='word_1_241' title='bbox 1095 1296 1131 1329; x_wconf 89' lang='lat' dir='ltr'><strong>ad</strong></span> <span class='ocrx_word' id='word_1_242' title='bbox 1160 1295 1260 1328; x_wconf 89' lang='lat' dir='ltr'><strong>lucem</strong></span> <span class='ocrx_word' id='word_1_243' title='bbox 1286 1295 1502 1339; x_wconf 90' lang='lat' dir='ltr'><strong>protrahatur.</strong></span> 
     </span>
    </p>

    <p class='ocr_par' dir='ltr' id='par_1_4' title="bbox 229 1322 1823 1583">
     <span class='ocr_line' id='line_1_24' title="bbox 352 1322 1823 1388; baseline 0 -10"><span class='ocrx_word' id='word_1_244' title='bbox 352 1343 537 1385; x_wconf 87' lang='lat' dir='ltr'><strong>Librorum,</strong></span> <span class='ocrx_word' id='word_1_245' title='bbox 574 1355 655 1387; x_wconf 90' lang='lat' dir='ltr'><strong>quos</strong></span> <span class='ocrx_word' id='word_1_246' title='bbox 683 1343 847 1381; x_wconf 86' lang='lat' dir='ltr'><strong>habemus,</strong></span> <span class='ocrx_word' id='word_1_247' title='bbox 884 1344 1004 1388; x_wconf 86' lang='lat' dir='ltr'><strong>optime</strong></span> <span class='ocrx_word' id='word_1_248' title='bbox 1038 1344 1243 1388; x_wconf 86' lang='lat' dir='ltr'><strong>archetypum</strong></span> <span class='ocrx_word' id='word_1_249' title='bbox 1279 1344 1438 1388; x_wconf 84' lang='lat' dir='ltr'><strong>expressit</strong></span> <span class='ocrx_word' id='word_1_250' title='bbox 1468 1343 1714 1388; x_wconf 84' lang='lat' dir='ltr'><strong>Neapolitanus,</strong></span> <span class='ocrx_word' id='word_1_251' title='bbox 1747 1322 1823 1378; x_wconf 86' lang='lat' dir='ltr'><strong>huic</strong></span> 
     </span>
     <span class='ocr_line' id='line_1_25' title="bbox 230 1382 1822 1437; baseline 0.001 -12"><span class='ocrx_word' id='word_1_252' title='bbox 230 1392 396 1436; x_wconf 78' lang='lat' dir='ltr'><strong>proximus</strong></span> <span class='ocrx_word' id='word_1_253' title='bbox 424 1393 608 1427; x_wconf 88' lang='lat' dir='ltr'><strong>Vossianus</strong></span> <span class='ocrx_word' id='word_1_254' title='bbox 637 1395 698 1433; x_wconf 85' lang='lat' dir='ltr'><strong>est,</strong></span> <span class='ocrx_word' id='word_1_255' title='bbox 726 1382 915 1437; x_wconf 88' lang='lat' dir='ltr'><strong>interpolati</strong></span> <span class='ocrx_word' id='word_1_256' title='bbox 942 1393 1160 1427; x_wconf 82' lang='lat' dir='ltr'><strong>Mentelianus</strong></span> <span class='ocrx_word' id='word_1_257' title='bbox 1196 1395 1226 1425; x_wconf 89' lang='lat' dir='ltr'><strong>et</strong></span> <span class='ocrx_word' id='word_1_258' title='bbox 1261 1392 1469 1434; x_wconf 70' lang='lat' dir='ltr'><strong>Dmdensis,</strong></span> <span class='ocrx_word' id='word_1_259' title='bbox 1502 1392 1688 1427; x_wconf 87' lang='lat' dir='ltr'><strong>foedissime</strong></span> <span class='ocrx_word' id='word_1_260' title='bbox 1718 1392 1822 1427; x_wconf 86' lang='lat' dir='ltr'><strong>inter-</strong></span> 
     </span>
     <span class='ocr_line' id='line_1_26' title="bbox 229 1440 1822 1486; baseline 0.001 -13"><span class='ocrx_word' id='word_1_261' title='bbox 229 1440 330 1485; x_wconf 90' lang='lat' dir='ltr'><strong>polati</strong></span> <span class='ocrx_word' id='word_1_262' title='bbox 357 1441 560 1475; x_wconf 81' lang='lat' dir='ltr'><strong>Heinsianus</strong></span> <span class='ocrx_word' id='word_1_263' title='bbox 589 1444 617 1474; x_wconf 83' lang='lat' dir='ltr'><strong>et</strong></span> <span class='ocrx_word' id='word_1_264' title='bbox 648 1440 884 1486; x_wconf 85' lang='lat' dir='ltr'><strong>Groninganus</strong></span> <span class='ocrx_word' id='word_1_265' title='bbox 895 1442 944 1485; x_wconf 86' lang='lat'><strong>*).</strong></span> <span class='ocrx_word' id='word_1_266' title='bbox 998 1441 1251 1485; x_wconf 86' lang='lat' dir='ltr'><strong>Hamburgensis</strong></span> <span class='ocrx_word' id='word_1_267' title='bbox 1278 1441 1373 1474; x_wconf 84' lang='lat' dir='ltr'><strong>codex</strong></span> <span class='ocrx_word' id='word_1_268' title='bbox 1409 1452 1445 1474; x_wconf 91' lang='lat' dir='ltr'><strong>eo</strong></span> <span class='ocrx_word' id='word_1_269' title='bbox 1472 1441 1605 1474; x_wconf 87' lang='lat' dir='ltr'><strong>nomine</strong></span> <span class='ocrx_word' id='word_1_270' title='bbox 1631 1441 1822 1483; x_wconf 85' lang='lat' dir='ltr'><strong>laudandus,</strong></span> 
     </span>
     <span class='ocr_line' id='line_1_27' title="bbox 229 1489 1822 1535; baseline -0.001 -12"><span class='ocrx_word' id='word_1_271' title='bbox 229 1489 314 1533; x_wconf 85' lang='lat' dir='ltr'><strong>quod</strong></span> <span class='ocrx_word' id='word_1_272' title='bbox 342 1490 379 1523; x_wconf 93' lang='lat' dir='ltr'><strong>de</strong></span> <span class='ocrx_word' id='word_1_273' title='bbox 406 1490 580 1535; x_wconf 86' lang='lat' dir='ltr'><strong>exemplari</strong></span> <span class='ocrx_word' id='word_1_274' title='bbox 609 1501 676 1523; x_wconf 90' lang='lat' dir='ltr'><strong>non</strong></span> <span class='ocrx_word' id='word_1_275' title='bbox 705 1490 804 1524; x_wconf 85' lang='lat' dir='ltr'><strong>nimis</strong></span> <span class='ocrx_word' id='word_1_276' title='bbox 832 1493 982 1535; x_wconf 83' lang='lat' dir='ltr'><strong>corrupto</strong></span> <span class='ocrx_word' id='word_1_277' title='bbox 1018 1489 1250 1534; x_wconf 85' lang='lat' dir='ltr'><strong>trausscriptus</strong></span> <span class='ocrx_word' id='word_1_278' title='bbox 1285 1492 1315 1523; x_wconf 81' lang='lat' dir='ltr'><strong>etÎ‡</strong></span> <span class='ocrx_word' id='word_1_279' title='bbox 1351 1492 1434 1523; x_wconf 84' lang='lat' dir='ltr'><strong>certa</strong></span> <span class='ocrx_word' id='word_1_280' title='bbox 1469 1489 1604 1533; x_wconf 84' lang='lat' dir='ltr'><strong>quadam</strong></span> <span class='ocrx_word' id='word_1_281' title='bbox 1630 1489 1822 1535; x_wconf 88' lang='lat' dir='ltr'><strong>cognatione</strong></span> 
     </span>
     <span class='ocr_line' id='line_1_28' title="bbox 230 1538 1679 1583; baseline 0 -11"><span class='ocrx_word' id='word_1_282' title='bbox 230 1550 300 1572; x_wconf 84' lang='lat' dir='ltr'><strong>cum</strong></span> <span class='ocrx_word' id='word_1_283' title='bbox 328 1538 543 1583; x_wconf 82' lang='lat' dir='ltr'><strong>Neapolitano</strong></span> <span class='ocrx_word' id='word_1_284' title='bbox 571 1539 762 1572; x_wconf 84' lang='lat' dir='ltr'><strong>coniunctus</strong></span> <span class='ocrx_word' id='word_1_285' title='bbox 789 1542 847 1574; x_wconf 91' lang='lat' dir='ltr'><strong>est.</strong></span> <span class='ocrx_word' id='word_1_286' title='bbox 902 1539 965 1573; x_wconf 83' lang='lat' dir='ltr'><strong>Sed</strong></span> <span class='ocrx_word' id='word_1_287' title='bbox 992 1540 1028 1572; x_wconf 85' lang='lat' dir='ltr'><strong>de</strong></span> <span class='ocrx_word' id='word_1_288' title='bbox 1054 1539 1106 1573; x_wconf 89' lang='lat' dir='ltr'><strong>his</strong></span> <span class='ocrx_word' id='word_1_289' title='bbox 1134 1539 1225 1572; x_wconf 91' lang='lat' dir='ltr'><strong>rebus</strong></span> <span class='ocrx_word' id='word_1_290' title='bbox 1252 1538 1331 1572; x_wconf 87' lang='lat' dir='ltr'><strong>alias</strong></span> <span class='ocrx_word' id='word_1_291' title='bbox 1357 1538 1487 1573; x_wconf 90' lang='lat' dir='ltr'><strong>uberius</strong></span> <span class='ocrx_word' id='word_1_292' title='bbox 1514 1538 1679 1573; x_wconf 85' lang='lat' dir='ltr'><strong>disseram.</strong></span> 
     </span>
    </p>

    <p class='ocr_par' dir='ltr' id='par_1_5' title="bbox 227 1586 1821 1731">
     <span class='ocr_line' id='line_1_29' title="bbox 351 1586 1819 1632; baseline -0.001 -11"><span class='ocrx_word' id='word_1_293' title='bbox 351 1587 436 1621; x_wconf 88' lang='lat' dir='ltr'><strong>Haec</strong></span> <span class='ocrx_word' id='word_1_294' title='bbox 463 1587 572 1627; x_wconf 84' lang='lat' dir='ltr'><strong>habui,</strong></span> <span class='ocrx_word' id='word_1_295' title='bbox 608 1599 686 1631; x_wconf 78' lang='lat' dir='ltr'><strong>quae</strong></span> <span class='ocrx_word' id='word_1_296' title='bbox 718 1587 752 1620; x_wconf 89' lang='lat' dir='ltr'><strong>in</strong></span> <span class='ocrx_word' id='word_1_297' title='bbox 787 1588 977 1622; x_wconf 82' lang='lat' dir='ltr'><strong>universum</strong></span> <span class='ocrx_word' id='word_1_298' title='bbox 1012 1588 1048 1621; x_wconf 88' lang='lat' dir='ltr'><strong>de</strong></span> <span class='ocrx_word' id='word_1_299' title='bbox 1081 1587 1243 1631; x_wconf 89' lang='lat' dir='ltr'><strong>Propertii</strong></span> <span class='ocrx_word' id='word_1_300' title='bbox 1269 1586 1360 1620; x_wconf 86' lang='lat' dir='ltr'><strong>libris</strong></span> <span class='ocrx_word' id='word_1_301' title='bbox 1395 1587 1628 1632; x_wconf 84' lang='lat' dir='ltr'><strong>praemittenda</strong></span> <span class='ocrx_word' id='word_1_302' title='bbox 1654 1589 1819 1632; x_wconf 87' lang='lat' dir='ltr'><strong>putarem:</strong></span> 
     </span>
     <span class='ocr_line' id='line_1_30' title="bbox 227 1635 1821 1683; baseline -0.001 -13"><span class='ocrx_word' id='word_1_303' title='bbox 227 1648 313 1671; x_wconf 87' lang='lat' dir='ltr'><strong>nunc</strong></span> <span class='ocrx_word' id='word_1_304' title='bbox 339 1648 415 1671; x_wconf 90' lang='lat' dir='ltr'><strong>vero</strong></span> <span class='ocrx_word' id='word_1_305' title='bbox 442 1637 644 1671; x_wconf 86' lang='lat' dir='ltr'><strong>transiturus</strong></span> <span class='ocrx_word' id='word_1_306' title='bbox 671 1637 709 1670; x_wconf 84' lang='lat' dir='ltr'><strong>ad</strong></span> <span class='ocrx_word' id='word_1_307' title='bbox 735 1637 866 1683; x_wconf 83' lang='lat' dir='ltr'><strong>singula</strong></span> <span class='ocrx_word' id='word_1_308' title='bbox 893 1641 980 1683; x_wconf 89' lang='lat' dir='ltr'><strong>peto,</strong></span> <span class='ocrx_word' id='word_1_309' title='bbox 1014 1637 1112 1671; x_wconf 88' lang='lat' dir='ltr'><strong>lector</strong></span> <span class='ocrx_word' id='word_1_310' title='bbox 1146 1635 1305 1678; x_wconf 85' lang='lat' dir='ltr'><strong>benivole,</strong></span> <span class='ocrx_word' id='word_1_311' title='bbox 1341 1639 1389 1678; x_wconf 85' lang='lat' dir='ltr'><strong>ut,</strong></span> <span class='ocrx_word' id='word_1_312' title='bbox 1424 1648 1503 1681; x_wconf 91' lang='lat' dir='ltr'><strong>quae</strong></span> <span class='ocrx_word' id='word_1_313' title='bbox 1530 1636 1663 1671; x_wconf 85' lang='lat' dir='ltr'><strong>docendi</strong></span> <span class='ocrx_word' id='word_1_314' title='bbox 1690 1646 1821 1670; x_wconf 88' lang='lat' dir='ltr'><strong>munere</strong></span> 
     </span>
     <span class='ocr_line' id='line_1_31' title="bbox 228 1685 1627 1731; baseline 0.002 -13"><span class='ocrx_word' id='word_1_315' title='bbox 228 1686 368 1720; x_wconf 88' lang='lat' dir='ltr'><strong>interdiu</strong></span> <span class='ocrx_word' id='word_1_316' title='bbox 396 1686 528 1720; x_wconf 86' lang='lat' dir='ltr'><strong>functus</strong></span> <span class='ocrx_word' id='word_1_317' title='bbox 556 1687 703 1720; x_wconf 88' lang='lat' dir='ltr'><strong>noctibus</strong></span> <span class='ocrx_word' id='word_1_318' title='bbox 730 1698 798 1720; x_wconf 90' lang='lat' dir='ltr'><strong>non</strong></span> <span class='ocrx_word' id='word_1_319' title='bbox 825 1687 935 1731; x_wconf 81' lang='lat' dir='ltr'><strong>paucis</strong></span> <span class='ocrx_word' id='word_1_320' title='bbox 963 1686 1153 1727; x_wconf 87' lang='lat' dir='ltr'><strong>elucubravi</strong></span> <span class='ocrx_word' id='word_1_321' title='bbox 1181 1686 1271 1729; x_wconf 88' lang='lat' dir='ltr'><strong>aequi</strong></span> <span class='ocrx_word' id='word_1_322' title='bbox 1300 1686 1438 1729; x_wconf 89' lang='lat' dir='ltr'><strong>bonique</strong></span> <span class='ocrx_word' id='word_1_323' title='bbox 1465 1685 1627 1721; x_wconf 89' lang='lat' dir='ltr'><strong>consulas.</strong></span> 
     </span>
    </p>
   </div>
   <div class='ocr_carea' id='block_1_4' title="bbox 859 1750 1181 1797">
    <p class='ocr_par' dir='ltr' id='par_1_6' title="bbox 859 1750 1181 1797">
     <span class='ocr_line' id='line_1_32' title="bbox 859 1750 1181 1797; baseline -0.003 -11"><span class='ocrx_word' id='word_1_324' title='bbox 859 1752 888 1793; x_wconf 87' lang='lat'>1</span> <span class='ocrx_word' id='word_1_325' title='bbox 919 1752 1034 1795; x_wconf 81' lang='grc'>1,19</span> <span class='ocrx_word' id='word_1_326' title='bbox 1063 1750 1181 1797; x_wconf 83' lang='lat'><strong>20**)</strong></span> 
     </span>
    </p>
   </div>
   <div class='ocr_carea' id='block_1_5' title="bbox 225 1806 1819 1999">
    <p class='ocr_par' dir='ltr' id='par_1_7' title="bbox 225 1806 1819 1999">
     <span class='ocr_line' id='line_1_33' title="bbox 497 1806 1543 1864; baseline 0.001 -24"><span class='ocrx_word' id='word_1_327' title='bbox 497 1808 550 1841; x_wconf 83' lang='lat' dir='ltr'><strong>At</strong></span> <span class='ocrx_word' id='word_1_328' title='bbox 577 1819 668 1850; x_wconf 81' lang='lat' dir='ltr'><strong>vos,</strong></span> <span class='ocrx_word' id='word_1_329' title='bbox 696 1806 904 1842; x_wconf 83' lang='lat' dir='ltr'><strong>deductae</strong></span> <span class='ocrx_word' id='word_1_330' title='bbox 931 1810 1087 1864; x_wconf 87' lang='lat' dir='ltr'><strong>quibus</strong></span> <span class='ocrx_word' id='word_1_331' title='bbox 1115 1811 1177 1841; x_wconf 80' lang='lat' dir='ltr'><strong>est</strong></span> <span class='ocrx_word' id='word_1_332' title='bbox 1205 1807 1387 1841; x_wconf 86' lang='lat' dir='ltr'><strong>fallacia</strong></span> <span class='ocrx_word' id='word_1_333' title='bbox 1415 1808 1543 1842; x_wconf 86' lang='lat' dir='ltr'><strong>lunae</strong></span> 
     </span>
     <span class='ocr_line' id='line_1_34' title="bbox 546 1855 1465 1901; baseline 0 -12"><span class='ocrx_word' id='word_1_334' title='bbox 546 1855 597 1889; x_wconf 81' lang='lat' dir='ltr'><strong>Et</strong></span> <span class='ocrx_word' id='word_1_335' title='bbox 624 1856 746 1890; x_wconf 85' lang='lat' dir='ltr'><strong>labor</strong></span> <span class='ocrx_word' id='word_1_336' title='bbox 773 1858 814 1890; x_wconf 90' lang='lat' dir='ltr'><strong>in</strong></span> <span class='ocrx_word' id='word_1_337' title='bbox 843 1858 1020 1901; x_wconf 82' lang='lat' dir='ltr'><strong>magicis</strong></span> <span class='ocrx_word' id='word_1_338' title='bbox 1048 1868 1167 1890; x_wconf 83' lang='lat' dir='ltr'><strong>sacra</strong></span> <span class='ocrx_word' id='word_1_339' title='bbox 1195 1857 1315 1901; x_wconf 88' lang='lat' dir='ltr'><strong>piare</strong></span> <span class='ocrx_word' id='word_1_340' title='bbox 1342 1855 1465 1890; x_wconf 81' lang='lat' dir='ltr'><strong>focis.</strong></span> 
     </span>
     <span class='ocr_line' id='line_1_35' title="bbox 350 1904 1818 1950; baseline -0.001 -11"><span class='ocrx_word' id='word_1_341' title='bbox 350 1904 515 1947; x_wconf 87' lang='lat' dir='ltr'><strong>Omnium,</strong></span> <span class='ocrx_word' id='word_1_342' title='bbox 551 1905 605 1948; x_wconf 86' lang='lat' dir='ltr'><strong>qui</strong></span> <span class='ocrx_word' id='word_1_343' title='bbox 642 1905 728 1939; x_wconf 88' lang='lat' dir='ltr'><strong>hunc</strong></span> <span class='ocrx_word' id='word_1_344' title='bbox 760 1905 864 1939; x_wconf 90' lang='lat' dir='ltr'><strong>locum</strong></span> <span class='ocrx_word' id='word_1_345' title='bbox 901 1905 1055 1950; x_wconf 89' lang='lat' dir='ltr'><strong>explicare</strong></span> <span class='ocrx_word' id='word_1_346' title='bbox 1082 1905 1187 1939; x_wconf 85' lang='lat' dir='ltr'><strong>conati</strong></span> <span class='ocrx_word' id='word_1_347' title='bbox 1214 1908 1303 1945; x_wconf 87' lang='lat' dir='ltr'><strong>sunt,</strong></span> <span class='ocrx_word' id='word_1_348' title='bbox 1340 1904 1553 1949; x_wconf 83' lang='lat' dir='ltr'><strong>interpretum</strong></span> <span class='ocrx_word' id='word_1_349' title='bbox 1580 1904 1657 1939; x_wconf 87' lang='lat' dir='ltr'><strong>haut</strong></span> <span class='ocrx_word' id='word_1_350' title='bbox 1684 1904 1750 1939; x_wconf 87' lang='lat' dir='ltr'><strong>scio</strong></span> <span class='ocrx_word' id='word_1_351' title='bbox 1777 1916 1818 1938; x_wconf 89' lang='lat' dir='ltr'><strong>an</strong></span> 
     </span>
     <span class='ocr_line' id='line_1_36' title="bbox 225 1953 1819 1999; baseline -0.001 -12"><span class='ocrx_word' id='word_1_352' title='bbox 225 1954 306 1988; x_wconf 89' lang='lat' dir='ltr'><strong>nulli</strong></span> <span class='ocrx_word' id='word_1_353' title='bbox 335 1954 520 1999; x_wconf 84' lang='lat' dir='ltr'><strong>contigerit,</strong></span> <span class='ocrx_word' id='word_1_354' title='bbox 548 1957 583 1987; x_wconf 86' lang='lat' dir='ltr'><strong>ut</strong></span> <span class='ocrx_word' id='word_1_355' title='bbox 610 1965 721 1988; x_wconf 87' lang='lat' dir='ltr'><strong>verum</strong></span> <span class='ocrx_word' id='word_1_356' title='bbox 749 1965 881 1988; x_wconf 86' lang='lat' dir='ltr'><strong>sensum</strong></span> <span class='ocrx_word' id='word_1_357' title='bbox 909 1954 1043 1989; x_wconf 81' lang='lat' dir='ltr'><strong>eliceret.</strong></span> <span class='ocrx_word' id='word_1_358' title='bbox 1099 1953 1217 1988; x_wconf 80' lang='lat' dir='ltr'><strong>Omnes</strong></span> <span class='ocrx_word' id='word_1_359' title='bbox 1245 1954 1331 1986; x_wconf 88' lang='lat' dir='ltr'><strong>enim</strong></span> <span class='ocrx_word' id='word_1_360' title='bbox 1366 1953 1404 1986; x_wconf 91' lang='lat' dir='ltr'><strong>ad</strong></span> <span class='ocrx_word' id='word_1_361' title='bbox 1436 1964 1537 1987; x_wconf 90' lang='lat' dir='ltr'><strong>unum</strong></span> <span class='ocrx_word' id='word_1_362' title='bbox 1564 1953 1627 1987; x_wconf 91' lang='lat' dir='ltr'><strong>duo</strong></span> <span class='ocrx_word' id='word_1_363' title='bbox 1654 1965 1725 1987; x_wconf 86' lang='lat' dir='ltr'><strong>esse</strong></span> <span class='ocrx_word' id='word_1_364' title='bbox 1751 1953 1819 1988; x_wconf 90' lang='lat' dir='ltr'><strong>cola</strong></span> 
     </span>
    </p>
   </div>
   <div class='ocr_carea' id='block_1_6' title="bbox 347 2040 1818 2074">
    <p class='ocr_par' dir='ltr' id='par_1_8' title="bbox 347 2040 1818 2074">
     <span class='ocr_line' id='line_1_37' title="bbox 347 2040 1818 2074; baseline -0.001 -6"><span class='ocrx_word' id='word_1_365' title='bbox 347 2043 372 2074; x_wconf 83' lang='lat'><strong>*)</strong></span> <span class='ocrx_word' id='word_1_366' title='bbox 391 2042 455 2068; x_wconf 91' lang='lat' dir='ltr'><strong>Plus</strong></span> <span class='ocrx_word' id='word_1_367' title='bbox 473 2042 593 2068; x_wconf 83' lang='lat' dir='ltr'><strong>ducentis</strong></span> <span class='ocrx_word' id='word_1_368' title='bbox 613 2041 678 2067; x_wconf 90' lang='lat' dir='ltr'><strong>locis</strong></span> <span class='ocrx_word' id='word_1_369' title='bbox 697 2041 901 2071; x_wconf 81' lang='lat' dir='ltr'><strong>demonstratur,</strong></span> <span class='ocrx_word' id='word_1_370' title='bbox 920 2049 998 2074; x_wconf 79' lang='lat' dir='ltr'><strong>quam</strong></span> <span class='ocrx_word' id='word_1_371' title='bbox 1016 2042 1144 2068; x_wconf 75' lang='lat' dir='ltr'><strong>audacter</strong></span> <span class='ocrx_word' id='word_1_372' title='bbox 1158 2045 1184 2067; x_wconf 88' lang='lat' dir='ltr'><strong>et</strong></span> <span class='ocrx_word' id='word_1_373' title='bbox 1198 2041 1352 2073; x_wconf 83' lang='lat' dir='ltr'><strong>insipienter</strong></span> <span class='ocrx_word' id='word_1_374' title='bbox 1365 2041 1444 2067; x_wconf 83' lang='lat' dir='ltr'><strong>huius</strong></span> <span class='ocrx_word' id='word_1_375' title='bbox 1459 2040 1515 2066; x_wconf 86' lang='lat' dir='ltr'><strong>cod.</strong></span> <span class='ocrx_word' id='word_1_376' title='bbox 1529 2041 1656 2066; x_wconf 73' lang='lat' dir='ltr'><strong>librarius</strong></span> <span class='ocrx_word' id='word_1_377' title='bbox 1673 2041 1701 2067; x_wconf 86' lang='lat' dir='ltr'><strong>in</strong></span> <span class='ocrx_word' id='word_1_378' title='bbox 1718 2041 1818 2066; x_wconf 73' lang='lat' dir='ltr'><strong>tradita</strong></span> 
     </span>
    </p>
   </div>
   <div class='ocr_carea' id='block_1_7' title="bbox 249 2020 341 2025">
    <p class='ocr_par' dir='ltr' id='par_1_9' title="bbox 249 2020 341 2025">
     <span class='ocr_line' id='line_1_38' title="bbox 249 2020 341 2025; baseline 0 0"><span class='ocrx_word' id='word_1_379' title='bbox 249 2020 341 2025; x_wconf 95' lang='lat' dir='ltr'><strong> </strong></span> 
     </span>
    </p>
   </div>
   <div class='ocr_carea' id='block_1_8' title="bbox 221 2123 1816 2319">
    <p class='ocr_par' dir='ltr' id='par_1_10' title="bbox 222 2123 1072 2156">
     <span class='ocr_line' id='line_1_39' title="bbox 222 2123 1072 2156; baseline 0 -7"><span class='ocrx_word' id='word_1_380' title='bbox 222 2125 334 2151; x_wconf 85' lang='lat' dir='ltr'><strong>lectione</strong></span> <span class='ocrx_word' id='word_1_381' title='bbox 351 2131 403 2149; x_wconf 90' lang='lat' dir='ltr'><strong>non</strong></span> <span class='ocrx_word' id='word_1_382' title='bbox 421 2128 450 2149; x_wconf 87' lang='lat' dir='ltr'><strong>ut</strong></span> <span class='ocrx_word' id='word_1_383' title='bbox 467 2124 584 2156; x_wconf 72' lang='lat' dir='ltr'><strong>antiqua,</strong></span> <span class='ocrx_word' id='word_1_384' title='bbox 604 2123 650 2149; x_wconf 88' lang='lat' dir='ltr'><strong>sed</strong></span> <span class='ocrx_word' id='word_1_385' title='bbox 669 2127 698 2149; x_wconf 86' lang='lat' dir='ltr'><strong>ut</strong></span> <span class='ocrx_word' id='word_1_386' title='bbox 715 2124 866 2150; x_wconf 85' lang='lat' dir='ltr'><strong>coniectura</strong></span> <span class='ocrx_word' id='word_1_387' title='bbox 884 2124 1007 2150; x_wconf 88' lang='lat' dir='ltr'><strong>utendum</strong></span> <span class='ocrx_word' id='word_1_388' title='bbox 1025 2127 1072 2150; x_wconf 85' lang='lat' dir='ltr'><strong>est.</strong></span> 
     </span>
    </p>

    <p class='ocr_par' dir='ltr' id='par_1_11' title="bbox 221 2164 1816 2319">
     <span class='ocr_line' id='line_1_40' title="bbox 345 2164 1816 2197; baseline -0.001 -7"><span class='ocrx_word' id='word_1_389' title='bbox 345 2165 390 2195; x_wconf 74' lang='lat'><strong>*â¸)</strong></span> <span class='ocrx_word' id='word_1_390' title='bbox 408 2164 522 2190; x_wconf 80' lang='lat' dir='ltr'><strong>Errasse</strong></span> <span class='ocrx_word' id='word_1_391' title='bbox 538 2164 714 2189; x_wconf 82' lang='lat' dir='ltr'><strong>Faltinum</strong></span> <span class='ocrx_word' id='word_1_392' title='bbox 733 2166 828 2197; x_wconf 88' lang='lat' dir='ltr'><strong>(progr.</strong></span> <span class='ocrx_word' id='word_1_393' title='bbox 848 2164 1003 2197; x_wconf 81' lang='lat' dir='ltr'><strong>Eisenberg.</strong></span> <span class='ocrx_word' id='word_1_394' title='bbox 1016 2166 1100 2196; x_wconf 82' lang='grc'>1876.)</span> <span class='ocrx_word' id='word_1_395' title='bbox 1119 2168 1201 2191; x_wconf 87' lang='lat' dir='ltr'><strong>totum</strong></span> <span class='ocrx_word' id='word_1_396' title='bbox 1220 2165 1267 2190; x_wconf 86' lang='lat' dir='ltr'><strong>hoc</strong></span> <span class='ocrx_word' id='word_1_397' title='bbox 1285 2171 1391 2190; x_wconf 82' lang='lat' dir='ltr'><strong>carmen</strong></span> <span class='ocrx_word' id='word_1_398' title='bbox 1400 2164 1536 2196; x_wconf 83' lang='lat' dir='ltr'><strong>Propertio</strong></span> <span class='ocrx_word' id='word_1_399' title='bbox 1554 2164 1750 2191; x_wconf 74' lang='lat' dir='ltr'><strong>abiudicanoem</strong></span> <span class='ocrx_word' id='word_1_400' title='bbox 1764 2164 1816 2190; x_wconf 84' lang='lat' dir='ltr'><strong>alio</strong></span> 
     </span>
     <span class='ocr_line' id='line_1_41' title="bbox 221 2204 1816 2239; baseline -0.001 -7"><span class='ocrx_word' id='word_1_401' title='bbox 221 2207 277 2232; x_wconf 86' lang='lat' dir='ltr'><strong>loco</strong></span> <span class='ocrx_word' id='word_1_402' title='bbox 296 2206 402 2231; x_wconf 88' lang='lat' dir='ltr'><strong>uberius</strong></span> <span class='ocrx_word' id='word_1_403' title='bbox 421 2212 557 2238; x_wconf 80' lang='lat' dir='ltr'><strong>exponam.</strong></span> <span class='ocrx_word' id='word_1_404' title='bbox 591 2205 642 2231; x_wconf 81' lang='lat' dir='ltr'><strong>Hic</strong></span> <span class='ocrx_word' id='word_1_405' title='bbox 660 2205 726 2231; x_wconf 81' lang='lat' dir='ltr'><strong>satis</strong></span> <span class='ocrx_word' id='word_1_406' title='bbox 744 2205 829 2231; x_wconf 76' lang='lat' dir='ltr'><strong>habeo</strong></span> <span class='ocrx_word' id='word_1_407' title='bbox 847 2206 982 2231; x_wconf 78' lang='lat' dir='ltr'><strong>affirmare</strong></span> <span class='ocrx_word' id='word_1_408' title='bbox 998 2206 1087 2232; x_wconf 84' lang='lat' dir='ltr'><strong>multis</strong></span> <span class='ocrx_word' id='word_1_409' title='bbox 1106 2206 1210 2232; x_wconf 86' lang='lat' dir='ltr'><strong>indiciis</strong></span> <span class='ocrx_word' id='word_1_410' title='bbox 1228 2207 1255 2232; x_wconf 83' lang='lat' dir='ltr'><strong>in</strong></span> <span class='ocrx_word' id='word_1_411' title='bbox 1273 2206 1324 2232; x_wconf 75' lang='lat' dir='ltr'><strong>hac</strong></span> <span class='ocrx_word' id='word_1_412' title='bbox 1340 2205 1427 2238; x_wconf 74' lang='lat' dir='ltr'><strong>prims</strong></span> <span class='ocrx_word' id='word_1_413' title='bbox 1445 2205 1529 2239; x_wconf 78' lang='lat' dir='ltr'><strong>elegia</strong></span> <span class='ocrx_word' id='word_1_414' title='bbox 1547 2205 1632 2232; x_wconf 86' lang='lat' dir='ltr'><strong>obviis</strong></span> <span class='ocrx_word' id='word_1_415' title='bbox 1649 2205 1735 2238; x_wconf 78' lang='lat' dir='ltr'><strong>ipsam</strong></span> <span class='ocrx_word' id='word_1_416' title='bbox 1752 2204 1816 2230; x_wconf 87' lang='lat' dir='ltr'><strong>Proâ€”</strong></span> 
     </span>
     <span class='ocr_line' id='line_1_42' title="bbox 221 2245 1815 2279; baseline 0.001 -9"><span class='ocrx_word' id='word_1_417' title='bbox 221 2246 299 2278; x_wconf 87' lang='lat' dir='ltr'><strong>pertii</strong></span> <span class='ocrx_word' id='word_1_418' title='bbox 317 2252 423 2271; x_wconf 75' lang='lat' dir='ltr'><strong>manum</strong></span> <span class='ocrx_word' id='word_1_419' title='bbox 441 2245 526 2278; x_wconf 88' lang='lat' dir='ltr'><strong>prodi.</strong></span> <span class='ocrx_word' id='word_1_420' title='bbox 554 2246 668 2277; x_wconf 71' lang='lat' dir='ltr'><strong>Quorum</strong></span> <span class='ocrx_word' id='word_1_421' title='bbox 687 2246 872 2278; x_wconf 78' lang='lat' dir='ltr'><strong>gravissimum</strong></span> <span class='ocrx_word' id='word_1_422' title='bbox 891 2246 955 2271; x_wconf 85' lang='lat' dir='ltr'><strong>illud</strong></span> <span class='ocrx_word' id='word_1_423' title='bbox 975 2250 1021 2276; x_wconf 83' lang='lat' dir='ltr'><strong>est,</strong></span> <span class='ocrx_word' id='word_1_424' title='bbox 1041 2246 1118 2278; x_wconf 91' lang='lat' dir='ltr'><strong>quod,</strong></span> <span class='ocrx_word' id='word_1_425' title='bbox 1136 2247 1179 2278; x_wconf 86' lang='lat' dir='ltr'><strong>qui</strong></span> <span class='ocrx_word' id='word_1_426' title='bbox 1198 2254 1251 2272; x_wconf 90' lang='lat' dir='ltr'><strong>mos</strong></span> <span class='ocrx_word' id='word_1_427' title='bbox 1266 2246 1395 2279; x_wconf 81' lang='lat' dir='ltr'><strong>Propertii</strong></span> <span class='ocrx_word' id='word_1_428' title='bbox 1413 2247 1440 2272; x_wconf 85' lang='lat' dir='ltr'><strong>in</strong></span> <span class='ocrx_word' id='word_1_429' title='bbox 1455 2247 1588 2279; x_wconf 87' lang='lat' dir='ltr'><strong>prioribus</strong></span> <span class='ocrx_word' id='word_1_430' title='bbox 1604 2246 1680 2272; x_wconf 82' lang='lat' dir='ltr'><strong>libris</strong></span> <span class='ocrx_word' id='word_1_431' title='bbox 1692 2245 1815 2277; x_wconf 78' lang='lat' dir='ltr'><strong>frequens</strong></span> 
     </span>
     <span class='ocr_line' id='line_1_43' title="bbox 221 2286 1709 2319; baseline 0 -8"><span class='ocrx_word' id='word_1_432' title='bbox 221 2290 262 2312; x_wconf 92' lang='lat' dir='ltr'><strong>est</strong></span> <span class='ocrx_word' id='word_1_433' title='bbox 279 2290 457 2319; x_wconf 77' lang='lat' dir='ltr'><strong>pentametros</strong></span> <span class='ocrx_word' id='word_1_434' title='bbox 477 2287 556 2312; x_wconf 90' lang='lat' dir='ltr'><strong>verbo</strong></span> <span class='ocrx_word' id='word_1_435' title='bbox 574 2286 635 2318; x_wconf 86' lang='lat' dir='ltr'><strong>plus</strong></span> <span class='ocrx_word' id='word_1_436' title='bbox 655 2293 731 2317; x_wconf 82' lang='lat' dir='ltr'><strong>quam</strong></span> <span class='ocrx_word' id='word_1_437' title='bbox 751 2286 883 2319; x_wconf 85' lang='lat' dir='ltr'><strong>disyllabo</strong></span> <span class='ocrx_word' id='word_1_438' title='bbox 901 2287 1050 2316; x_wconf 74' lang='lat' dir='ltr'><strong>claudendi,</strong></span> <span class='ocrx_word' id='word_1_439' title='bbox 1070 2287 1096 2312; x_wconf 89' lang='lat' dir='ltr'><strong>in</strong></span> <span class='ocrx_word' id='word_1_440' title='bbox 1114 2287 1163 2312; x_wconf 91' lang='lat' dir='ltr'><strong>hoc</strong></span> <span class='ocrx_word' id='word_1_441' title='bbox 1181 2294 1281 2319; x_wconf 88' lang='lat' dir='ltr'><strong>quoque</strong></span> <span class='ocrx_word' id='word_1_442' title='bbox 1299 2287 1415 2312; x_wconf 78' lang='lat' dir='ltr'><strong>carmine</strong></span> <span class='ocrx_word' id='word_1_443' title='bbox 1432 2288 1529 2319; x_wconf 82' lang='lat' dir='ltr'><strong>septies</strong></span> <span class='ocrx_word' id='word_1_444' title='bbox 1547 2287 1709 2312; x_wconf 76' lang='lat' dir='ltr'><strong>observatur.</strong></span> 
     </span>
    </p>
   </div>
   <div class='ocr_carea' id='block_1_9' title="bbox 1908 0 2118 105">
    <p class='ocr_par' dir='ltr' id='par_1_12' title="bbox 1908 0 2118 105">
     <span class='ocr_line' id='line_1_44' title="bbox 1908 0 2118 105; baseline 0 2593"><span class='ocrx_word' id='word_1_445' title='bbox 1908 0 2118 105; x_wconf 95' lang='lat' dir='ltr'><strong> </strong></span> 
     </span>
    </p>
   </div>
  </div>
 </body>
</html>
