2118 2698
284 310 369 345 hunc
395 310 429 344 in
454 309 584 344 modum
610 310 758 353 sac'is,
785 309 929 355 neglecto
956 309 1144 355 compendio
1165 310 1199 343 in
1221 309 1379 354 scriptura
1401 310 1579 345 minuscula
1601 311 1747 353 eundem,
1774 322 1869 354 quem

283 359 416 401 satis,
443 361 605 403 aspectum
631 359 806 404 praebebat.
859 358 912 392 Sic
939 357 1041 402 igitur
1066 369 1178 392 versus
1207 357 1360 394 11—-13,
1387 358 1551 396 restituo}

650 406 809 441 Mercurio
836 409 875 440 et
901 406 1043 440 sacris
1070 404 1173 440 fertur
1198 406 1374 440 Boebeidos
1401 406 1498 440 undis

700 455 891 500 virgineum
917 453 1028 489 Brimo
1053 455 1274 500 composuisse
1298 453 1395 491 latus.

652 503 762 537 Cedite
787 504 851 538 iam
877 504 979 537 divae.

933 584 982 623 ll,
1011 584 1045 623 3.
1073 583 1132 626 21,
1160 583 1216 620 22.

488 641 539 675 Et
566 654 641 675 sua
668 654 753 675 cum
780 642 988 683 antiquae
1010 641 1245 675 committit
1271 642 1437 686 scripta
1467 641 1687 676 Corinnae

538 689 735 724 Carmina
762 701 866 733 quae
892 689 1044 732 quivis
1071 700 1152 723 non
1179 692 1304 734 putat
1330 700 1456 733 aequa
1482 691 1586 725 suis.

404 754 492 788 Haec
519 755 664 788 omnium
690 755 832 788 codicum
852 754 1010 798 scriptura
1037 757 1097 796 est,
1126 754 1190 788 nisi
1217 754 1303 797 quod
1322 767 1379 800 pro
1407 755 1558 798 quivis
1585 755 1652 792 cod.
1668 755 1869 794 Heinsianus

283 802 479 846 quamvis
507 802 610 843 habet,
646 802 714 837 cod.
744 801 976 846 Groninganus
1014 802 1174 844 lyrnes.
1227 802 1393 836 Lectionis
1428 803 1543 836 codicis
1570 803 1613 838 H.
1647 803 1760 837 merito
1787 804 1869 838 ratio

283 850 374 885 nulla
400 850 506 885 habita
533 853 599 891 est3
626 850 744 884 mirum
770 853 875 885 autem
902 850 936 883 in
963 850 1093 884 modum
1117 851 1241 885 vexavit
1262 851 1466 897 interpretes,
1494 851 1685 885 recentiores
1704 851 1869 896 inprimis,

285 899 491 943 Groningani
526 899 643 933 codicis
679 900 848 943 scriptura.
900 898 981 932 Nam
1016 910 1086 932 cum
1121 899 1265 943 priorum
1299 899 1430 942 aliquis,
1464 899 1617 945 Scaliger,
1652 900 1687 933 ni
1714 898 1820 942 fallor,
1854 912 1870 934 e

284 947 482 991 reliquorum
518 947 671 981 librorum
708 947 812 981 verbis
847 947 1035 981 carmina
1069 958 1173 991 quae
1211 947 1363 991 quivis
1401 948 1562 982 elicuisset
1596 948 1871 992 carminaque

283 997 538 1040 aequaevis,
566 996 759 1031 recentiores
787 996 861 1030 inde
889 1008 905 1029 a
931 994 1139 1030 Lachmanno
1174 1007 1285 1030 omnes
1320 995 1413 1030 aliam
1441 997 1654 1031 coniecturam
1685 999 1871 1042 receperunt

283 1046 369 1091 (sive
396 1056 429 1079 ea
454 1044 616 1085 Beroaldi.
645 1045 713 1079 sive
741 1045 850 1079 Volsci
878 1048 938 1085 est,
974 1044 1058 1078 nihil
1086 1045 1232 1091 attinet),
1265 1057 1344 1088 quae
1378 1045 1537 1079 alitteris
1569 1046 1685 1080 codicis
1714 1045 1753 1080 G.
1781 1046 1869 1079 omni

283 1106 383 1128 sensu
410 1094 511 1127 cassis
538 1094 688 1136 lyrnes
715 1094 939 1138 proficiscitur.
981 1093 1206 1137 Quamcunque
1234 1095 1320 1127 enim
1346 1094 1554 1128 recentiorem
1580 1094 1752 1128 editionem
1780 1094 1870 1128 evol-

283 1142 382 1185 veris,
420 1142 573 1176 hocloco
601 1142 765 1176 invenies:
802 1142 1077 1184 carminaque
1112 1141 1314 1176 Erinnes.
1365 1142 1486 1176 Nubem
1520 1143 1682 1188 amplexos
1717 1153 1786 1176 esse
1812 1154 1870 1187 pro

283 1191 425 1234 Iunone,
452 1192 507 1234 qui
535 1191 614 1225 hanc
641 1191 854 1225 coniecturam
880 1190 1064 1236 probarent,
1092 1202 1175 1225 unus
1204 1191 1348 1225 omnium
1382 1191 1466 1225 vidit
1490 1190 1766 1237 Heimreichius*)
1802 1192 1870 1225 iure

283 1240 449 1273 affirmans
477 1240 523 1273 eis
551 1240 642 1281 locis,
678 1240 731 1273 ubi
766 1252 837 1273 cum
863 1239 1075 1283 Neapolitano
1110 1240 1292 1281 dissentiat,
1326 1240 1443 1273 codicis
1477 1240 1515 1275 G.
1552 1241 1773 1274 auctoritatem
1800 1251 1870 1274 esse

283 1288 417 1322 nullam.
468 1288 535 1322 Nos
571 1299 641 1321 cum
677 1288 710 1321 iu
748 1288 945 1321 aestimanda
978 1287 1135 1332 (lignitate
1168 1288 1285 1321 codicis
1314 1287 1352 1321 G.
1388 1289 1448 1321 toti
1468 1289 1519 1321 'ab
1547 1288 1755 1322 Heimreichii
1781 1291 1871 1333 parte

283 1340 418 1379 stemus,
447 1337 621 1371 remedium
647 1349 715 1371 non
742 1337 778 1371 ab
805 1336 876 1379 hoc,
912 1336 968 1370 sed
994 1348 1011 1370 a
1036 1335 1239 1382 Neapolitani
1275 1336 1410 1371 lectione
1445 1339 1618 1371 ceterorum
1645 1337 1790 1371 omnium
1816 1348 1869 1371 co-

283 1386 389 1419 dicum
415 1385 616 1431 (Heinsiano
643 1398 709 1419 non
738 1386 885 1430 excepto)
914 1388 1095 1419 sustentata
1120 1389 1274 1430 petemus.
1326 1385 1509 1420 Levissimo
1543 1389 1649 1420 autem
1675 1397 1780 1420 errore
1806 1386 1870 1420 lec—

285 1434 407 1468 tionem
431 1434 582 1478 quivis
611 1437 714 1468 ortam
740 1446 810 1468 esse
837 1437 997 1479 putamus,
1051 1434 1213 1478 Scriptum
1241 1434 1327 1467 enim
1359 1433 1422 1467 suit
1459 1435 1493 1467 in
1521 1434 1691 1479 archetypo
1718 1446 1774 1468 seu
1801 1435 1870 1468 eius

283 1482 393 1520 fonte.
435 1486 469 1516 ut
508 1482 588 1516 mihi
629 1483 756 1525 quidem
791 1483 1077 1527 persuasissimum
1113 1486 1172 1525 est,
1209 1485 1323 1526 quinis,
1356 1483 1441 1526 quod
1476 1484 1584 1517 eodem
1619 1483 1871 1517 minuscularum

285 1531 465 1565 litterarum
492 1531 588 1564 ductu
615 1531 722 1571 scribi,
750 1543 814 1574 quo
841 1531 988 1574 quiuis
1018 1531 1139 1565 nemini
1166 1532 1312 1576 ignotum
1334 1534 1393 1564 est.
1433 1532 1519 1575 Quae
1545 1543 1608 1565 vox
1634 1543 1704 1565 cum
1730 1531 1870 1565 librariis

284 1581 395 1614 notior
422 1583 518 1622 esset,
547 1591 642 1623 quam
669 1579 838 1623 quinis,
866 1580 948 1613 bona
976 1579 1036 1613 fide
1063 1580 1273 1625 transscripta
1301 1583 1347 1614 esl
1375 1591 1432 1625 per
1463 1580 1622 1623 quivis.
1675 1579 1765 1614 Nunc
1798 1580 1870 1614 vide

284 1629 377 1669 mihi,
406 1640 485 1672 quae
512 1630 655 1673 genuina
681 1629 841 1674 Propertii
868 1629 962 1662 verba
988 1628 1127 1662 suerint:

577 1676 620 1711 Et
647 1689 705 1711 sua
731 1689 801 1711 cum
829 1677 979 1720 antiquae
1006 1677 1177 1711 committit
1210 1677 1328 1722 scripta
1356 1677 1527 1718 Corinnae,

628 1726 778 1760 Carmina
804 1737 884 1770 quae
910 1726 1056 1770 quinis
1084 1737 1150 1759 non
1177 1728 1268 1771 putat
1293 1737 1392 1770 aequa
1419 1725 1496 1760 suis.

404 1775 491 1819 Quae
517 1776 612 1809 verba
640 1787 681 1808 ne
708 1776 757 1809 cui
786 1775 871 1820 leges
900 1775 1121 1820 grammaticas
1151 1775 1270 1808 laedere
1296 1776 1477 1817 videantur,
1511 1787 1607 1820 pauca
1642 1774 1784 1809 addenda
1810 1787 1872 1820 pu-

287 1824 439 1864 tavimus,
467 1824 583 1867 quibus
611 1824 744 1858 nebulae
770 1825 850 1858 istae
878 1824 1136 1868 dispellerentur.
1180 1824 1226 1857 Ac
1245 1824 1385 1868 primum
1412 1823 1551 1867 quidem,
1579 1824 1607 1857 si
1635 1824 1709 1867 quis
1737 1823 1871 1865 dubitat,

284 1885 363 1907 nuni
390 1873 578 1906 carmina
605 1884 710 1916 quae
736 1872 928 1917 pronomine
954 1872 1089 1906 relativo
1116 1875 1190 1917 post
1217 1884 1332 1906 nomen
1365 1885 1460 1907 suum
1486 1873 1594 1918 posito
1621 1873 1721 1907 dicere
1748 1871 1873 1906 licuerit

282 1922 387 1966 poetis
414 1933 472 1965 pro
500 1933 603 1964 quae
630 1921 845 1959 carmina,
873 1933 909 1954 ex
937 1921 983 1954 eis
1010 1922 1175 1965 exemplis,
1202 1932 1281 1964 quae
1309 1922 1401 1964 quasi
1428 1922 1462 1955 in
1489 1921 1718 1966 praetereundo
1744 1920 1873 1955 collecta

405 2027 430 2056 ἢ
449 2025 619 2051 Heimreichii
639 2025 671 2050 de
689 2025 738 2049 hoc
756 2025 810 2049 loco
828 2025 953 2050 iudicium
972 2025 1100 2050 sollicitat
1117 2026 1268 2050 Grumme
1286 2025 1336 2055 (De
1353 2025 1426 2051 codd.
1437 2025 1524 2057 Prop.‚
1542 2025 1620 2051 Gron.
1638 2029 1664 2051 et
1678 2025 1769 2058 Neap„
1787 2032 1873 2057 progr.

282 2074 369 2099 gymn.
388 2066 495 2091 Aurich.
518 2070 578 2091 1868
596 2074 621 2097 p.
641 2066 692 2096 24.)
712 2065 939 2090 demonstraturus
966 2072 998 2090 ne
1017 2065 1048 2092 N.
1072 2065 1176 2097 quidem
1195 2065 1308 2090 codicem
1330 2065 1540 2097 interpolationis
1564 2066 1624 2091 labe
1647 2073 1754 2098 prorsus
1780 2072 1874 2090 vacare

283 2108 325 2133 his
343 2107 442 2133 verbis:
463 2107 528 2137 „hoc
546 2107 615 2133 enim
633 2107 689 2132 loco
708 2107 864 2138 scripturam
883 2106 943 2131 libri
962 2107 1041 2133 Gron.
1061 2106 1170 2139 lyrnes
1188 2106 1314 2139 optimum
1332 2106 1521 2131 emendationis
1532 2105 1728 2132 fundamentum
1746 2106 1874 2138 praebere

280 2148 352 2173 solus
370 2147 563 2174 Heimreichius
581 2156 633 2174 non
651 2148 754 2173 videtur
772 2147 936 2180 cognovisse:
957 2147 1084 2179 quomodo
1102 2151 1189 2172 autem
1206 2147 1300 2176 verbis,
1319 2154 1386 2178 quae
1402 2146 1499 2173 ibidem
1512 2147 1592 2173 habet
1609 2147 1641 2173 N.
1660 2154 1743 2180 quae
1761 2147 1874 2180 quivi„

278 2189 426 2220 probabilis
450 2190 602 2214 coniectura
627 2189 773 2220 superstrui
802 2189 893 2220 possit,
923 2195 998 2213 nemo
1024 2188 1102 2214 credo
1131 2188 1266 2220 intelleget
1292 2194 1338 2212 nec
1364 2187 1461 2213 Heimr.
1488 2188 1702 2214 demonstravit*
1746 2187 1796 2213 Sed
1824 2188 1874 2218 hic,

280 2230 408 2262 suspicor,
426 2230 495 2255 inter
513 2229 679 2255 scribendum
698 2229 780 2259 „deos
799 2236 850 2254 non
868 2229 933 2254 bene
952 2229 1111 2254 advocatos“
1130 2228 1229 2256 habuit,
1252 2236 1311 2253 cum
1329 2228 1477 2261 neglegeret
1494 2229 1574 2254 verba
1592 2235 1678 2260 quae
1696 2228 1804 2259 quivis
1823 2236 1875 2254 non

279 2271 364 2296 solum
382 2271 408 2296 in
427 2271 459 2297 N.
478 2274 576 2299 extare,
596 2270 642 2296 sed
660 2271 739 2296 etiam
756 2271 784 2296 in
801 2271 911 2302 reliquis
932 2270 1064 2296 codicibus
1084 2271 1160 2303 longe
1178 2270 1305 2302 plurimis.
