2118 2698
988 187 1051 229 19*

218 299 381 346 purgavit,
407 298 515 333 oscula
540 298 649 332 dextra
673 297 823 343 opposita
843 296 1020 342 prohibens
1054 297 1189 342 pedibus
1222 297 1259 331 in
1293 297 1363 331 laxa
1395 296 1482 331 solea
1516 296 1603 330 nixis
1628 295 1797 342 prosiluit,

219 347 311 390 „ibat
336 350 368 382 et
393 347 470 382 binc
493 348 598 381 castae
621 349 785 385 narratum
810 345 937 380 somnia
964 344 1114 380 vestm.
1162 344 1217 380 Sic
1241 345 1368 380 demum
1394 344 1547 379 collocato
1573 343 1711 379 disticho
1736 343 1796 379 illo

217 396 423 442 perspicuum
447 394 499 437 fit,
524 406 579 429 cur
604 393 745 438 Cynthia
769 393 878 428 oscula
901 393 1064 439 Propertii
1098 393 1312 439 prohibuerit,
1347 405 1382 428 ea
1417 392 1539 427 scilieet
1563 393 1602 427 de
1626 404 1732 436 causa,
1758 395 1797 428 ut

217 455 298 489 pura
323 447 355 477 et
379 444 499 477 intacta
525 454 542 476 a
568 443 639 477 viro
665 445 783 476 castam
809 441 941 475 Vestam
966 442 1053 476 adire
1077 445 1201 486 posset,
1234 442 1375 485 itemque
1401 452 1488 475 nunc
1513 441 1639 475 demum
1664 441 1795 475 intelle-

218 491 316 538 gitur,
341 503 397 527 cur
420 494 514 537 poeta
538 491 670 526 amicam
695 489 823 525 somnia
849 488 966 524 Vestae
996 492 1196 524 narraturam
1231 489 1372 526 finxerit.
1423 488 1505 524 Nam
1538 489 1567 523 si
1602 489 1702 523 moris
1728 492 1796 524 erat

216 541 407 586 puellarum,
440 543 478 574 ut
502 540 631 582 Vestae,
665 551 744 585 qnae
777 550 834 584 per
864 550 1012 573 somnum
1037 535 1211 581 vidissent,
1243 542 1410 573 narrarent
1436 541 1497 581 et,‘
1514 550 1555 573 ne
1580 538 1707 573 somnia
1732 538 1794 573 sibi

216 588 490 633 familiaribusque
515 591 678 631 nocerent,
704 587 964 633 deprecarentur:
998 588 1084 631 quod
1118 590 1244 632 tempus
1278 587 1386 632 aptius
1421 598 1491 621 esse
1518 587 1637 632 potuit,
1673 598 1736 631 quo
1762 587 1796 621 id

216 637 368 681 facerent,
395 649 488 683 quam
515 637 593 672 bora
618 634 798 672 matutina?
852 635 948 670 Vides
974 636 1075 682 igitur
1100 647 1180 680 eam,
1207 647 1301 681 quam
1326 635 1473 680 fecimus,
1505 635 1794 682 transpositionem

217 687 321 721 causis
347 687 398 721 s'at
424 687 574 731 gravibus
598 686 794 729 minimeque
818 685 1009 730 spernendis
1034 686 1258 721 commendari.
1296 685 1400 728 Adde,
1427 685 1511 728 quod
1533 696 1620 720 nunc
1645 685 1795 728 sequenti

217 735 312 769 etiam
346 733 483 768 disticho
517 732 633 768 clarior
664 733 719 767 lux
753 733 945 779 aspergitur.
1004 734 1082 768 Sive
1115 733 1201 767 enim
1237 733 1378 767 codicum
1413 734 1606 767 deteriorum
1644 736 1794 767 custos

216 783 432 825 recludor,
466 783 536 817 sive
568 781 768 816 Lachmanni
801 782 981 816 custode
1019 781 1240 824 recludor,
1281 793 1337 816 seu
1373 782 1510 826 denique
1544 781 1622 818 Luc.
1662 781 1794 816 mulleri

216 832 386 866 custodi
413 830 619 865 excludor
642 831 770 876 probas,
796 830 957 865 exclusum
984 842 1053 865 esse
1078 830 1282 876 Propertium
1314 833 1461 865 constare
1495 830 1631 866 videtur.
1683 829 1794 875 Neque

216 892 302 915 nunc
328 881 360 915 id
385 881 520 914 mirum:
554 890 629 914 nam
653 880 682 914 si
710 878 849 923 Cynthia
875 879 1003 914 domum
1034 879 1215 923 relinquere
1249 882 1357 924 parata
1390 881 1469 920 erat,
1504 878 1673 925 Propertio
1700 888 1792 914 causa

216 929 258 963 ibi
285 928 469 963 remanendi
497 928 586 962 nulla
611 929 808 973 suppetebat.

926 1008 994 1052 111,
1020 1008 1078 1043 30.

337 1074 377 1108 ln
413 1085 447 1108 ea
480 1085 630 1108 versuum
664 1073 835 1119 farragine,
869 1085 949 1118 quae
986 1075 1019 1108 in
1056 1074 1148 1108 libris
1187 1077 1219 1108 et
1257 1074 1453 1108 editionibus
1493 1074 1644 1108 carminis
1681 1072 1790 1110 XXX.

215 1123 287 1157 libri
314 1122 380 1159 ΙΙΙ.
408 1123 476 1157 vice
501 1122 659 1167 fungitur,
685 1133 719 1156 re
736 1134 810 1156 vera
827 1122 935 1163 babes,
962 1134 1039 1166 quae
1059 1123 1223 1165 dicuntur,
1251 1122 1374 1157 disiecti
1395 1123 1534 1156 membra
1553 1125 1675 1168 poetae.
1713 1121 1792 1157 Tam

215 1173 301 1206 enim
327 1183 394 1206 non
419 1171 506 1206 inter
531 1182 565 1204 se
590 1171 759 1205 cohaerent
783 1171 930 1217 singulae
956 1175 1073 1217 partes,
1108 1175 1145 1206 ut
1170 1171 1343 1216 quinquies
1371 1171 1421 1206 vel
1448 1171 1552 1205 sexies
1579 1171 1792 1216 interruptam

215 1232 284 1255 esse
310 1220 503 1255 sententiam
530 1220 565 1253 in
591 1223 700 1264 aperto
726 1221 780 1255 sit.
832 1219 903 1264 Quo
936 1221 1021 1254 enim
1054 1221 1185 1255 vinculo
1222 1222 1346 1265 priores
1382 1220 1546 1254 duodecim
1581 1231 1696 1254 versus
1722 1231 1792 1255 cum

214 1281 268 1304 sex
295 1269 501 1314 sequentibus
535 1268 697 1302 coniuncti
733 1269 813 1309 sint,
849 1269 924 1313 quid
958 1280 1069 1304 versus
1107 1268 1261 1303 19—22.
1298 1281 1357 1303 suo
1390 1269 1458 1304 loco
1485 1269 1546 1303 sibi
1571 1268 1687 1311 velint,
1715 1269 1792 1313 quid

215 1330 327 1353 versus
361 1317 418 1353 37.
453 1329 523 1352 cum
556 1317 753 1351 antecedenti
787 1328 953 1352 commune
984 1318 1106 1360 habeat,
1144 1318 1245 1352 dicere
1280 1319 1425 1362 equidem
1459 1329 1526 1352 non
1561 1317 1675 1354 ausim.
1728 1318 1791 1353 Sed

214 1370 319 1401 tamen
353 1378 420 1400 non
455 1367 499 1400 ita
533 1366 696 1410 desperata
731 1377 781 1399 res
815 1370 875 1408 est,
911 1370 947 1400 ut
979 1367 1082 1412 primo
1116 1368 1227 1401 obtutu
1254 1367 1393 1408 videtur,
1429 1367 1599 1400 dummodo
1626 1377 1666 1400 ne
1692 1367 1790 1401 unius

213 1416 363 1450 carminis
399 1415 544 1457 lacinias,
578 1414 634 1448 sed
666 1415 801 1449 duorum
836 1415 887 1449 bic
920 1416 1155 1450 consarcinatas
1193 1427 1262 1450 esse
1298 1419 1458 1461 putemus.
1510 1414 1653 1459 Quorum
1687 1416 1790 1461 priori

211 1465 374 1498 addicendi
414 1467 492 1497 sunt
530 1464 558 1496 ei
597 1464 760 1498 duodecim
798 1475 924 1506 versus,
964 1464 1017 1508 qui
1052 1468 1132 1498 sunt
1170 1465 1208 1498 ab
1242 1465 1351 1506 initio,
1387 1465 1526 1507 itemque
1560 1475 1592 1498 v,
1635 1463 1787 1500 19—-22,

211 1512 421 1556 Quamquam,
446 1512 500 1546 ubi
526 1512 559 1546 hi
586 1511 729 1546 collocati
756 1512 889 1554 fuerint,
916 1512 995 1546 mihi
1021 1523 1087 1546 non
1115 1516 1260 1557 constat3
1294 1512 1470 1547 verisimile
1504 1512 1589 1546 enim
1616 1516 1665 1546 est
1691 1513 1787 1547 huius

210 1561 360 1595 carminis
387 1561 510 1604 aliquot
536 1572 648 1595 versus
674 1561 848 1596 interiisse.
900 1561 1045 1595 Alterum
1072 1565 1178 1595 autem
1204 1573 1329 1596 carmen
1356 1573 1393 1595 ex
1420 1561 1478 1603 eis,
1514 1561 1568 1605 qui
1594 1561 1786 1605 relinquun-

211 1612 275 1651 tur,
308 1610 455 1643 versibus
481 1621 566 1643 nunc
601 1620 725 1653 quoque
758 1610 792 1643 in
819 1610 981 1654 integrum
1014 1610 1143 1644 restitui
1177 1621 1274 1655 posse
1305 1610 1443 1644 confido.
1495 1610 1541 1643 Ne
1567 1610 1657 1654 longi
1684 1610 1786 1644 simus

210 1658 245 1691 in
264 1657 459 1703 explicandis
478 1657 669 1699 rationibus,
696 1658 811 1701 quibus
833 1658 916 1692 ducti
935 1657 1062 1703 singula
1084 1658 1221 1693 disticha
1244 1658 1513 1704 disposuerimus,
1532 1658 1638 1703 ipsum
1659 1668 1784 1692 carmen

211 1719 228 1741 a
254 1706 346 1741 nobis
372 1706 559 1741 restitutum
584 1708 809 1752 proponimus,
836 1707 920 1741 unde
946 1707 1064 1753 optime
1090 1707 1316 1753 perspiciatur,
1348 1719 1426 1742 num
1453 1707 1530 1751 quid
1554 1707 1621 1741 veri
1649 1707 1785 1741 invene-

210 1756 325 1798 rimus,
352 1767 392 1789 an
420 1755 454 1789 in
482 1767 514 1789 re
540 1755 598 1789 vili
626 1766 753 1800 operam
779 1759 810 1789 et
836 1756 940 1790 oleum
966 1756 1210 1801 perdiderimus

502 1804 558 1839 23.
599 1803 671 1837 Una
696 1807 881 1838 contentum
907 1805 1021 1850 pudeat
1045 1816 1097 1839 me
1122 1805 1232 1839 vivere
1259 1804 1380 1839 amica2

647 1853 716 1886 Hoc
742 1853 771 1886 si
797 1854 916 1887 crimen
943 1855 1014 1893 erit,
1039 1854 1160 1888 crimen
1187 1854 1319 1888 Amoris
1346 1854 1424 1888 erit:

502 1901 559 1935 25.
597 1901 644 1935 Mi
670 1912 764 1936 nemo
790 1901 914 1937 obiciat.
942 1902 1036 1935 libeat
1061 1902 1133 1944 tibi,
1161 1903 1314 1946 Cynthia,
1340 1914 1462 1936 mecum

646 1949 787 1984 Roscida
812 1951 970 1985 muscosis
995 1953 1086 1984 antra
1110 1953 1219 1984 tenere
1244 1951 1340 1997 iugis.

598 1998 671 2033 Illic
696 1999 830 2044 aspicies
856 1999 996 2044 scopulis
1021 1999 1148 2033 haerere
1174 2011 1315 2042 sorores,

643 2046 688 2082 Et
712 2059 821 2082 canere
846 2048 973 2091 antiqui
998 2047 1100 2081 dulcia
1125 2047 1211 2082 furta
1237 2048 1343 2091 Iovis,

597 2096 643 2130 Ut
670 2096 825 2130 Semelast
850 2097 1044 2139 combustus,
1070 2099 1107 2130 ut
1133 2099 1182 2130 est
1208 2097 1391 2142 deperditus
1418 2097 1468 2140 Io,

500 2144 558 2181 30.
646 2144 793 2189 Denique
818 2149 854 2179 ut
879 2145 917 2178 ad
943 2144 1056 2178 Troiae
1082 2148 1163 2179 tecta
1189 2145 1307 2179 volarit
1333 2146 1412 2181 avis.

500 2193 555 2230 33.
595 2193 658 2228 Nec
683 2196 717 2228 tu
744 2194 925 2241 virginibus
951 2193 1128 2229 reverentia
1153 2195 1294 2229 moveris
1322 2206 1392 2229 ora:

645 2243 706 2277 Hic
733 2255 857 2288 quoque
884 2256 950 2278 non
977 2243 1089 2284 nescit,
1116 2244 1193 2287 quid
1219 2244 1263 2277 sit
1289 2255 1405 2288 amare,
1431 2245 1559 2288 chorus,
