2118 2698
1058 186 1099 216 20

576 282 633 318 35.
674 282 711 316 Si
738 285 845 317 tamen
873 283 989 329 Oeagri
1016 283 1169 328 quaedam
1194 296 1375 330 compressa
1401 285 1503 330 figura

724 330 887 366 Bistoniis
913 331 993 366 olim
1019 332 1153 377 rupibus
1180 333 1332 368 accubuit.

576 380 633 415 31.
675 380 799 423 Quodsi
826 391 919 414 nemo
945 383 1044 422 extat,
1069 382 1126 424 qui
1151 381 1265 415 vicerit
1290 381 1379 415 alitis
1406 393 1504 423 arma,

722 427 913 463 Communis
939 428 1050 474 culpae
1074 440 1131 464 cur
1155 440 1228 463 reus
1255 440 1341 464 unus
1367 429 1467 476 agor?

580 477 634 512 13.
676 477 745 511 Ista
772 488 866 511 senes
892 477 966 511 licet
992 481 1140 512 accusent
1165 478 1314 512 convivia
1340 478 1430 513 duri:

725 525 791 559 Nos
818 526 913 559 modo
941 526 1157 571 propositum,
1184 527 1263 569 vita,
1290 529 1428 560 teramus
1456 528 1527 561 iter.

579 574 634 611 15.
674 574 813 610 Illorum
839 574 985 618 antiquis
1011 578 1188 610 onerentur
1214 574 1335 621 legibus
1361 586 1471 610 aures:

726 623 788 658 Hic
814 623 902 658 locus
929 628 990 663 est,
1018 625 1051 658 in
1079 636 1142 668 quo
1169 624 1245 658 tibia
1271 624 1372 666 docta,
1398 635 1508 666 sones,

676 672 762 717 Quae
790 683 856 706 non
883 672 952 706 iure
978 673 1059 707 vado
1086 672 1249 707 Maeandri
1276 672 1356 707 iacta
1382 675 1514 713 natasu,

726 721 849 767 Turpia
875 733 945 755 cum
972 721 1088 756 faceret
1114 721 1255 756 Palladis
1281 734 1337 756 ora
1362 725 1479 759 tumor.

579 771 635 807 37.
677 771 739 805 Hic
765 770 818 804 ubi
846 782 896 804 me
922 771 1025 816 prima
1051 774 1195 805 statuent
1222 771 1256 804 in
1283 774 1372 815 parte
1399 771 1541 814 choreae,

723 818 767 852 Et
793 819 918 853 medius
945 819 1035 853 docta
1062 819 1193 864 cuspide
1218 819 1361 853 Bacchus
1388 820 1464 861 eris,

676 867 760 902 Tum
787 868 883 913 capiti
911 879 1018 902 sacros
1046 868 1151 913 patiar
1177 868 1312 913 pendere
1339 869 1523 912 corymbos:

577 917 633 952 40.
722 916 804 950 Nam
831 917 902 950 sine
930 920 960 950 te
988 920 1137 951 nostrum
1164 928 1229 950 non
1256 917 1341 950 valet
1366 916 1545 962 ingenium.

410 982 490 1017 Cum
517 993 647 1016 versum
673 982 814 1027 primum
842 980 994 1015 carminis
1021 981 1066 1014 sic
1093 981 1235 1015 restituti
1269 982 1302 1015 in
1336 981 1658 1028 interpretationibus
1685 982 1873 1028 Hertzbergi

286 1035 317 1066 et
342 1031 449 1067 Iacobi
484 1031 567 1066 falso
594 1031 793 1065 intellectum
820 1030 958 1072 videam,
985 1030 1094 1075 paucis
1122 1031 1356 1074 demonstrabo,
1393 1031 1658 1075 quemadmodum
1685 1031 1754 1077 ipse
1780 1032 1873 1066 verba

283 1081 501 1136 intellegenda
528 1080 720 1115 existimem.
760 1079 816 1113 Illi
836 1080 930 1113 verba
956 1090 1039 1113 una
1064 1082 1317 1113 contentum
1343 1080 1471 1114 amica
1497 1080 1541 1114 ita
1561 1080 1762 1125 interpretati
1783 1083 1873 1123 sunt,

284 1130 377 1174 quasi
404 1130 479 1163 uni
506 1129 667 1163 amicae
694 1128 811 1163 multae
839 1131 1096 1176 opponerentur:
1133 1127 1218 1172 quod
1243 1128 1369 1172 quidem
1397 1131 1522 1174 poetam
1555 1140 1621 1162 non
1654 1128 1811 1174 cogitasse
1836 1139 1873 1162 ex

285 1181 354 1213 toto
382 1179 622 1212 sententiarum
649 1189 732 1212 nexu
759 1180 900 1222 apparet.
955 1175 1028 1210 Non
1055 1177 1142 1211 enim
1169 1189 1202 1210 ea
1229 1177 1266 1210 de
1292 1189 1325 1211 re
1351 1189 1385 1212 se
1412 1181 1551 1220 excusat,
1587 1177 1672 1222 quod
1698 1177 1873 1223 repudiatis

284 1227 398 1261 multis
425 1225 546 1272 puellis
573 1238 637 1260 una
664 1228 837 1260 contentus
865 1225 1054 1262 sit,scd1n
1076 1226 1263 1259 universum
1284 1226 1340 1260 hac
1359 1227 1396 1259 de
1413 1238 1518 1268 causa,
1545 1226 1631 1269 quod
1657 1229 1746 1260 totus
1773 1225 1874 1260 amori

284 1275 411 1309 deditus
438 1275 494 1310 sit.
548 1275 704 1319 Sequitur
730 1274 833 1319 igitur
858 1285 879 1307 ιι
890 1286 943 1307 na
970 1274 1102 1308 amica
1128 1274 1211 1308 idem
1238 1273 1354 1317 valere,
1389 1274 1474 1318 quod
1500 1275 1592 1308 sola
1618 1274 1760 1310 amica.
1799 1273 1875 1319 (Ich

283 1323 379 1358 sollte
397 1323 481 1357 mich
499 1323 682 1365 schaemen,
702 1323 776 1357 dasz
790 1322 840 1356 ich
862 1322 946 1356 mich
974 1322 1109 1367 einzig
1134 1322 1201 1356 aul'
1224 1322 1350 1356 meinc
1377 1323 1550 1368 geliebte
1577 1321 1872 1368 heschranket).

282 1393 331 1398 —
358 1372 463 1406 Versu
490 1384 507 1405 a
533 1371 600 1405 fine
627 1372 723 1405 tertio
750 1382 808 1416 pro
836 1382 885 1413 eo,
914 1371 998 1414 quod
1025 1371 1059 1404 in
1087 1371 1177 1405 libris
1204 1374 1264 1413 est,
1291 1372 1376 1404 erit
1402 1371 1518 1416 scripsi
1554 1371 1657 1413 eris,
1692 1371 1776 1405 unde
1802 1370 1875 1404 effi-

284 1421 381 1463 citur
408 1424 444 1455 ut
470 1433 585 1456 versus
611 1420 748 1455 ultimus
775 1420 814 1454 ad
840 1419 1011 1462 Bacchum
1038 1432 1104 1454 non
1132 1420 1169 1453 ad
1196 1420 1326 1454 amicam
1361 1423 1491 1466 spectet.
1543 1419 1674 1455 Etenim
1710 1419 1764 1464 qui
1791 1419 1875 1454 hunc

286 1482 416 1505 versum
444 1471 483 1504 ad
509 1471 642 1504 amicam
668 1470 829 1514 pertinere
855 1472 983 1513 putant,
1011 1470 1170 1514 quomodo
1205 1481 1313 1503 vocem
1341 1481 1430 1503 nam
1463 1469 1559 1503 initio
1595 1481 1707 1504 versus
1734 1469 1874 1514 positam

284 1518 472 1564 explicaturi
498 1518 580 1561 sint,
607 1518 672 1564 ipsi
700 1518 817 1553 dicant.

963 1639 1028 1683 111,
1056 1639 1115 1679 32,
1143 1639 1199 1676 23.

407 1739 482 1773 cod.
510 1739 549 1775 N.
578 1739 722 1773 exhibet:
749 1739 860 1784 Nuper
886 1740 972 1772 enim
1010 1740 1046 1772 de
1082 1742 1112 1772 te
1144 1743 1296 1773 nostra
1324 1751 1380 1772 me
1415 1740 1551 1773 laedit
1577 1740 1623 1773 ad
1650 1751 1795 1779 aures,
1822 1751 1873 1772 re—

285 1787 366 1833 liqui
403 1799 534 1822 omnes:
571 1790 749 1822 nostras
783 1799 842 1821 me
876 1787 1032 1830 laedit,
1072 1790 1195 1832 praeter
1232 1798 1333 1822 unum
1367 1788 1434 1824 cod.
1472 1786 1525 1824 G..
1564 1788 1598 1822 in
1638 1798 1701 1831 quo
1738 1787 1872 1833 legitur:

284 1841 464 1872 nostras
492 1837 697 1882 pervenit
728 1837 768 1871 ad
794 1848 897 1873 aures,

406 1893 435 1927 E
470 1905 587 1940 magna
621 1894 708 1927 inter
741 1893 992 1939 Neapolitanum
1028 1897 1058 1927 et
1091 1893 1338 1939 Groninganum
1373 1894 1587 1938 discrepantia
1621 1893 1729 1938 colligi
1767 1896 1874 1938 potest

285 1946 341 1977 aut
368 1943 404 1977 in
431 1942 603 1989 archetypo
637 1942 761 1978 litteras
796 1954 865 1978 non
899 1943 980 1977 satis
1012 1942 1199 1978 manifestas
1233 1942 1380 1977 extitisse
1413 1941 1642 1987 librariumque
1669 1941 1873 1988 Groningani

287 1993 484 2036 contemptis
511 1991 693 2026 litterarum
720 1991 868 2035 reliquiis
895 2003 955 2025 suo
981 1991 1113 2025 arbitrio
1140 1992 1172 2025 id
1198 1992 1340 2034 verbum,
1367 1992 1453 2035 quod
1474 2003 1544 2025 cum
1562 1994 1712 2025 contextu
1739 1991 1874 2025 maxime

283 2040 457 2075 convenire
490 2040 666 2082 videretur,
701 2040 850 2075 videlicet
886 2040 1108 2086 pervenit,
1140 2040 1302 2086 posuisse,
1337 2043 1392 2075 aut
1417 2040 1480 2074 iam
1507 2039 1541 2073 in
1567 2039 1749 2085 archetypo,
1776 2043 1812 2074 ut
1838 2039 1873 2073 in

283 2089 421 2132 reliquis
448 2089 599 2123 omnibus
625 2089 731 2132 libris,
758 2089 913 2135 scriptum
940 2089 1042 2123 fuisse
1068 2100 1124 2122 me
1150 2089 1297 2132 laedit,
1333 2101 1396 2133 quo
1429 2088 1544 2123 reiecto
1579 2088 1728 2123 librarius
1755 2088 1873 2122 codicis

286 2137 326 2173 G.
353 2149 449 2171 suum
484 2137 655 2172 inventum
690 2138 791 2171 textui
825 2137 1010 2172 inseruerit.
1068 2137 1150 2172 Utut
1185 2149 1236 2171 res
1271 2149 1305 2172 se
1337 2138 1442 2178 habet,
1475 2137 1554 2171 fides
1589 2148 1666 2171 sane
1697 2137 1874 2182 scripturae

285 2185 495 2232 Groningani
522 2185 665 2221 habenda
694 2189 743 2220 est
769 2186 871 2229 nulla,
899 2187 1109 2230 quantumvis
1134 2185 1362 2222 Lachmannus
1397 2197 1464 2220 eam
1500 2186 1558 2220 lioc
1585 2186 1606 2222 Ι.
1633 2185 1771 2220 fortasse
1795 2197 1873 2231 pro-

282 2235 418 2270 bandam
445 2247 516 2270 esse
543 2235 626 2269 dicat
652 2239 682 2269 et
708 2234 779 2271 Nic.
807 2235 938 2269 Heinsii
967 2238 996 2268 et
1023 2235 1185 2270 Huscbkii
1212 2236 1410 2270 coniecturae
1438 2235 1677 2280 (pervadit,
1704 2246 1873 2279 praece—
