2118 2698
1044 162 1089 208 719
1150 206 1168 208 ..

276 258 304 293 0
315 259 425 305 lymp
436 271 454 293 o
481 259 682 294 scribendum
709 270 778 293 esse
805 259 900 294 nobis
926 259 1029 293 videri
1056 260 1099 295 in
1125 261 1220 295 aeth
1231 270 1325 296 ereo
1350 262 1420 298 sive
1451 262 1650 296 aetherio
1678 261 1858 307 Olympo

275 310 312 342 ut
336 308 372 342 in
399 308 449 341 eis
473 307 610 352 Vergilii
637 310 668 341 et
693 307 854 343 Martialis
880 308 972 350 locis,
1000 319 1080 352 quos
1095 341 1096 344 ,
1107 321 1213 355 supra.
1230 309 1444 347 laudavimus.

968 380 985 413 1
1050 380 1071 414 5
1162 409 1171 417 .

545 435 677 470 Multa
703 437 827 482 prius
850 380 1207 472 vasto’lzib'exii2r
1232 436 1415 473 flumina
1440 441 1586 488 ponto,

399 502 470 536 Vox
496 502 649 544 multa,
677 502 824 546 quamvis
852 503 996 536 omnium
1021 502 1163 537 codicum
1189 503 1251 537 fide
1269 503 1401 545 nitatur,
1428 503 1643 538 nihilominus
1670 502 1784 538 reiecta
1810 506 1859 538 est

275 563 293 585 a
318 551 478 596 plurimus
505 551 682 586 editoribus
710 551 819 595 eisque
846 551 1056 592 doctissimis,
1084 552 1158 595 quia
1181 563 1313 586 sensum
1338 551 1581 597 ineptissimum
1591 552 1741 596 praebere
1767 551 1858 586 vide·-

276 601 378 635 batur.
432 598 552 633 Omnes
579 600 666 634 enim
699 601 793 634 verba
827 603 951 634 vasto
986 600 1191 634 labentur
1224 603 1357 645 ponto
1391 600 1594 645 interpretati
1628 603 1706 635 sunt
1732 600 1769 633 de
1794 599 1859 634 flu-

276 648 419 683 minibus
446 648 482 682 in
508 652 637 684 vastum
663 651 799 693 pontum
826 648 1040 683 defluentibus
1067 649 1210 693 (praeter
1234 649 1396 691 Iacobum,
1429 649 1484 692 qui
1509 649 1699 694 peculiarem
1726 651 1859 683 senten-

275 697 354 730 tiam
389 697 594 742 excogitavit,
629 708 723 740 quam
757 696 830 730 vide
864 697 946 741 apud
979 696 1210 741 Hertzbergum
1244 698 1280 730 in
1314 708 1427 732 comm.
1462 697 1499 730 ad
1532 697 1616 732 hune
1640 697 1694 742 1.).
1746 696 1859 740 ltaque

275 744 423 779 Muretus
443 745 610 789 rescripsit
636 748 746 780 muta
773 745 1024 779 assentientibus
1044 743 1263 787 Lachmanno‚
1290 744 1446 790 Hauptio,
1472 744 1550 782 Luc.
1571 745 1719 780 Mallem.
1758 745 1859 779 Recte

276 796 382 827 autem
425 794 554 828 monuit
588 794 805 838 Hertzbergus
840 793 959 827 Mureti
1005 794 1139 827 invento
1183 805 1249 827 non
1285 794 1365 828 satis
1394 795 1562 832 ἀδύνατον,
1594 805 1656 838 quo
1693 794 1744 828 hic
1778 805 1858 838 opus

276 845 374 884 esset,
410 842 588 887 significari
622 853 718 885 eaque
753 841 790 875 de
817 853 909 877 causa
935 841 1111 876 Passeratii
1137 842 1391 879 emendationem
1426 842 1549 876 nulla
1580 845 1740 887 praestare
1767 845 1798 875 et
1823 841 1858 875 in

276 893 399 925 textum
426 890 639 935 recipiendam
665 902 735 924 esse
761 894 880 925 censet.
930 889 1030 925 Nobis
1065 902 1134 925 eum
1168 902 1270 935 neque
1303 890 1417 926 horum
1449 902 1551 935 neque
1576 890 1707 925 illorum
1733 890 1858 925 coniec-

275 942 348 973 tura
373 938 563 980 satisfaciat,
599 939 660 973 alia
687 939 920 984 interpretandi
948 940 1029 973 ratio
1063 940 1238 983 quaerenda
1265 940 1402 975 videtur.
1453 940 1636 985 Diligenter
1668 940 1756 974 enim
1781 951 1859 973 eon-

275 988 440 1021 tuentibus
475 987 570 1021 nobis
596 999 725 1022 versum
753 986 824 1029 30„
861 988 914 1031 qui
951 987 987 1020 de
1014 988 1091 1021 anni
1126 988 1321 1033 temporibus
1353 991 1438 1022 retro
1465 988 1616 1022 ducendis
1643 988 1722 1032 agit,
1757 998 1859 1031 neque

274 1039 437 1070 mutorum
462 1047 567 1080 neque
594 1036 757 1071 nullorum
783 1035 955 1071 fluminum
983 1037 1017 1070 iu
1044 1040 1171 1071 vastum
1197 1039 1334 1082 pontum
1361 1036 1504 1072 defluxus
1536 1037 1616 1070 satis
1647 1036 1775 1070 videtur
1808 1047 1859 1070 re-

274 1085 445 1129 spondere,
482 1085 538 1118 sed
564 1097 629 1119 una
654 1084 790 1119 flumina
825 1088 909 1119 retro
937 1085 1082 1121 fluentia.
1135 1086 1344 1129 Quamobrem
1377 1086 1518 1120 codicum
1549 1086 1738 1130 scripturam
1773 1085 1858 1118 inte—

273 1136 427 1168 meratam
462 1133 640 1168 iudicantes
675 1145 785 1168 vocem
819 1134 953 1168 multa
989 1146 1055 1167 non
1093 1134 1276 1168 mutandam
1310 1146 1379 1168 esse
1413 1137 1574 1180 putamuS.
1628 1134 1729 1167 Verba
1755 1136 1859 1167 autem

274 1186 398 1217 vasto
425 1186 559 1228 ponto
587 1195 653 1216 non
681 1183 788 1217 dativo
817 1194 902 1225 casu,
935 1183 990 1217 sed
1017 1183 1154 1217 ablativo
1190 1183 1374 1228 explicanda
1405 1186 1493 1219 sunt.
1545 1182 1733 1228 Finguntuae
1759 1182 1860 1227 igitur

272 1231 333 1265 hoc
360 1232 428 1265 loco
455 1231 590 1266 flumina
617 1232 725 1265 eodem
752 1233 847 1265 modo
874 1244 906 1265 ac
933 1233 1122 1277 saepissime
1154 1232 1211 1276 (cs.
1239 1232 1324 1266 locos
1360 1233 1419 1266 huc
1446 1232 1644 1276 pertinentes
1679 1232 1712 1265 in
1740 1231 1859 1265 Hertz-

272 1280 360 1325 bergi
388 1292 499 1316 comm.
527 1281 566 1313 ad
592 1280 624 1314 h.
652 1280 692 1325 l.)
728 1281 766 1314 ad
803 1283 893 1325 caput
929 1281 1137 1322 recurrentia,
1175 1284 1301 1314 tantum
1327 1281 1410 1324 quod
1438 1292 1503 1314 nou
1532 1280 1633 1314 fontis
1660 1281 1781 1314 mentio
1809 1279 1858 1322 fit,

273 1340 336 1372 quo
363 1328 514 1371 refluant,
542 1329 598 1362 sed
624 1329 734 1369 maris,
762 1329 846 1364 unde
873 1328 1025 1371 effluantg
1054 1329 1092 1364 et'.
1123 1329 1217 1363 ovid.
1245 1330 1328 1364 trist.
1357 1330 1387 1372 Ι,
1413 1330 1449 1371 8,
1479 1330 1514 1363 1:

518 1377 559 1411 In
586 1381 679 1422 caput
705 1378 768 1411 alta
794 1390 888 1411 suum
915 1378 1063 1411 labentur
1088 1379 1124 1411 ab
1151 1389 1285 1421 aequore
1311 1381 1396 1411 retro
1423 1377 1589 1412 Flumina.

395 1426 458 1460 Sed
486 1436 525 1459 ne
553 1426 626 1469 quis
654 1425 735 1460 sorte
762 1426 897 1468 dubitet,
926 1438 1002 1460 num
1028 1426 1164 1471 simplex
1190 1427 1319 1460 verbum
1345 1426 1470 1460 labendi
1496 1437 1565 1460 cum
1586 1426 1736 1468 ablativo,
1765 1436 1858 1469 quem

272 1475 488 1518 separationis
515 1478 643 1516 vocant,
679 1478 883 1509 construatur
909 1487 927 1508 a
954 1475 1057 1519 poetis
1086 1475 1208 1511 latinis.
1244 1478 1342 1509 testes
1375 1476 1508 1509 citamus
1539 1474 1714 1519 Vergilium
1741 1477 1771 1509 et
1798 1473 1857 1508 Ti-

271 1522 407 1564 bullum,
435 1533 571 1566 quorum
598 1523 689 1556 verba
715 1523 789 1556 haec
816 1526 905 1558 sunt.

371 1571 467 1616 Verg.
496 1571 552 1609 ecl.
580 1570 609 1614 I,
638 1570 696 1606 63.
735 1571 836 1615 Quam
864 1575 1013 1606 nostro
1039 1571 1130 1605 illius
1158 1571 1329 1605 labatur
1354 1574 1525 1617 pectore
1553 1571 1671 1606 voltus.

369 1620 442 1655 Tib.
469 1620 500 1660 Ι,
528 1620 563 1661 6,
592 1620 649 1655 53.
690 1621 860 1666 Antigene,
889 1621 1091 1654 labentur
1117 1631 1205 1664 opes,
1232 1624 1266 1654 ut
1294 1621 1474 1654 volnere
1501 1624 1652 1653 nostro
1680 1620 1831 1664 Sanguis,

920 1702 968 1745 ΙΙ,
996 1702 1031 1745 2,
1061 1702 1212 1737 11-13.

395 1768 475 1801 Cum
507 1769 585 1802 haut·
620 1769 713 1813 pauci
745 1768 893 1802 homines
930 1769 1013 1801 docti
1048 1768 1099 1801 his
1127 1768 1271 1801 versibus
1305 1767 1510 1800 emendandis
1539 1778 1665 1811 operam
1692 1767 1855 1809 unarint,

272 1820 378 1851 tamen
409 1827 521 1862 operae
548 1817 687 1862 pretium
716 1817 863 1851 existimo
891 1817 994 1850 denuo
1031 1816 1067 1849 de
1095 1816 1140 1849 eis
1168 1816 1333 1850 disserere.
1387 1814 1465 1849 Tam
1500 1815 1586 1849 enim
1612 1815 1737 1849 diversa
1764 1815 1856 1849 adhi-

270 1866 335 1900 bita
362 1868 440 1899 sunt
467 1866 605 1899 remedia
632 1866 669 1899 ad
697 1866 782 1899 hunc
807 1865 911 1899 lorum
937 1866 1130 1906 sanandum,
1157 1868 1190 1898 ut
1218 1876 1295 1898 sane
1322 1865 1452 1898 dubium
1478 1865 1534 1904 sit,
1562 1864 1647 1907 quod
1673 1864 1711 1898 ad
1737 1864 1857 1898 valitu-

270 1914 378 1947 dinem
406 1913 641 1948 restituendam
667 1913 871 1959 aptissimum
897 1914 1053 1948 videatur.
1106 1913 1175 1946 Hoc
1202 1913 1301 1958 igitur
1327 1913 1464 1957 agimus,
1497 1916 1533 1946 ut
1559 1913 1737 1955 doceamus,
1765 1923 1855 1956 quae,

270 1963 415 1996 codicum
442 1962 579 2007 vestigia
607 1963 635 1996 si
664 1973 844 2006 sequamur,
872 1962 1013 2007 genuina
1040 1962 1200 2006 Propertii
1228 1973 1341 1995 manus
1367 1962 1510 1996 habenda
1537 1961 1591 1996 sit.

394 2011 443 2044 Ex
470 2022 632 2045 consensu
660 2023 782 2052 eorum‚
811 2011 864 2054 qui
892 2011 926 2044 in
953 2022 1084 2044 censum
1111 2011 1258 2051 veniunt,
1285 2010 1439 2044 librorum
1466 2013 1595 2055 apparet
1623 2010 1657 2043 in
1684 2010 1855 2055 archetypo

270 2058 382 2094 versus
414 2060 566 2095 11-13,
595 2060 676 2093 hanc
703 2059 840 2104 speciem
866 2059 1032 2093 habuisse:

636 2108 796 2142 Mercurio
823 2108 936 2141 satis
964 2107 1066 2141 fertur
1092 2108 1296 2141 bobeidos
1322 2107 1419 2142 undis

687 2157 880 2202 Virgineu'm
907 2157 1044 2201 primo
1070 2156 1291 2201 composuisse
1316 2156 1412 2190 latus.

636 2206 745 2240 cedite
773 2206 900 2240 etiam
927 2205 1017 2240 divae
1044 2217 1111 2250 eqs.
