2118 2698
990 219 1027 249 11

344 317 620 354 Pro-bobeidos
639 315 1000 364 potiusrBo'ebeidos
1023 319 1058 351 et
1082 315 1217 350 Brimo
1252 326 1311 361 pro
1336 316 1465 361 primo
1498 315 1699 354 scribendum
1724 325 1803 353 essu¹

222 368 286 402 iam
317 366 481 412 prioribus
515 366 760 411 interpretibus·
777 365 972 400 constaban-
992 365 1193 411 quamobrem
1227 364 1263 399 in
1296 363 1465 400 refutando
1500 364 1695 412 Hertzbergo
1725 377 1798 402 non·

222 426 394 458 moramur,
420 415 474 460 qui
501 426 608 449 vocem
632 415 769 460 primo
785 413 985 448 retinendam
1018 424 1090 447 esse
1113 413 1253 458 putavit.
1303 410 1480 447 Diffi-:iiior
1504 416 1553 447 est
1579 425 1614 447 ea
1637 415 1793 459 quaestio,

222 463 379 510 quomodo
412 463 536 506 lacuna,
568 474 645 508 quae
679 462 750 497 sine
781 461 848 496 nlla
863 460 1071 496 dubitatione
1096 463 1172 506 post
1198 460 1396 496 Mercurio
1427 463 1526 506 patet,
1560 461 1713 507 explenda
1737 464 1793 500 sit.

222 512 265 548 In
290 511 430 546 editione
455 511 676 547 vetustissima
701 511 821 546 Aldina
845 510 941 545 verbo
967 510 1162 545 Mercurio
1187 510 1341 555 particula
1374 519 1446 555 que
1470 510 1617 545 adiuncta
1643 514 1703 554 est,
1738 512 1794 547 alii

221 562 300 607 post
324 559 406 595 illud
430 560 560 596 verbum
585 560 694 606 potius
721 562 759 593 et
783 562 971 605 posuerunt.
1022 558 1255 593 Recentiorum
1279 558 1358 593 Luc.
1384 558 1503 592 Mulier
1524 558 1676 593 Aldinam
1702 572 1794 595 secu-

222 613 275 644 tus
302 612 362 652 est,
397 609 560 654 Hauptius
586 620 662 644 vero
687 609 786 643 talis
811 608 999 653 prorsatis
1030 608 1172 642 scribens
1198 611 1362 653 utramque
1388 607 1574 652 particulam
1600 608 1792 654 repudiavit.

222 658 341 693 Verum
366 658 487 693 vidisse
512 668 580 700 cos,
606 657 659 702 qui
685 660 723 691 et
747 657 940 698 insererent,
965 668 1031 690 non
1059 656 1165 690 solum
1190 667 1227 690 eo
1253 657 1415 701 probatur,
1442 657 1525 701 quod
1551 667 1582 692 v.
1597 657 1631 692 9.
1658 656 1793 693 alterum

222 710 259 740 et
293 709 390 748 extat,
424 707 474 740 cui
508 705 567 739 hoc
600 705 792 750 respondeat
822 714 952 739 necesse
978 707 1037 747 est,
1070 705 1127 738 sed
1153 704 1246 738 etiam
1272 716 1322 746 eo,
1348 704 1430 750 quod
1456 716 1488 740 v.
1520 704 1573 741 13.
1601 705 1712 740 vocula
1739 710 1793 749 et,

221 765 298 800 quae
323 757 373 797 cst
397 754 499 799 prima
524 765 599 798 pars
623 753 726 799 inepti
752 753 840 788 verbi
866 753 999 793 etiam,
1024 753 1173 788 abundat.
1212 753 1299 797 Quae
1324 753 1482 798 quomodo
1515 753 1551 787 in
1577 764 1705 788 versum
1736 755 1793 791 13.

221 803 399 848 irrepserit,
424 802 574 839 facillime
599 803 646 836 sic
671 801 855 847 explicatur.
898 800 1061 836 Omissum
1081 805 1159 843 erat,
1186 802 1220 836 ni
1240 801 1347 844 fallor,
1375 802 1418 835 in>
1435 812 1473 834 eo
1500 802 1683 847 exemplari,
1708 804 1805 838 unde*

221 850 410 897 archetypus
444 850 550 893 fluxit,
584 854 660 896 post
685 850 882 885 Mercurio
909 849 991 884 illud
1016 854 1070 890 et,
1105 854 1215 895 postea
1242 854 1345 884 autem
1379 850 1415 883 in
1441 851 1584 895 margine
1610 851 1790 889 addebatur.

220 899 386 935 Librarius
412 902 517 934 autem
542 899 717 945 archetypi,
742 899 797 945 qui
821 899 927 934 verbis
954 901 990 932 et
1015 902 1046 932 et
1070 899 1144 932 iam
1170 900 1289 933 iunctis
1316 899 1435 933 etiam
1460 898 1543 933 effici
1558 899 1692 941 videret,
1717 912 1792 945 par-

221 949 350 983 ticulam
382 960 449 983 non
482 960 541 982 suo
575 948 644 983 loco
679 948 828 991 reddidit,
862 947 918 982 sed
943 948 978 982 in
1003 960 1032 984 v.
1063 947 1118 982 13.
1145 947 1285 982 deduxit.
1336 947 1422 982 Haec
1455 959 1641 993 quamquam
1672 948 1792 985 leviora

220 998 322 1032 videri
356 1000 508 1042 possunt,
542 997 674 1031 minime
708 1000 813 1030 tamen
847 996 1041 1041 neglegenda
1067 999 1158 1038 sunt,
1192 1008 1261 1030 cum
1294 997 1369 1030 hinc
1395 997 1541 1040 pendeat,
1573 1008 1651 1042 quae
1676 997 1711 1031 in
1737 1010 1791 1033 se-

220 1049 335 1091 quente
368 1046 463 1080 verbo
497 1046 693 1079 coniecturae
726 1044 951 1087 admittendae,
985 1057 1061 1090 quae
1086 1044 1263 1078 reiciendae
1289 1045 1368 1079 sint.
1419 1044 1499 1078 Nam
1532 1045 1561 1078 si
1586 1056 1707 1080 mecum
1732 1047 1790 1081 tibi

219 1094 417 1140 persuaseris
443 1094 598 1139 scriptum
630 1093 732 1128 fuisse
757 1105 774 1127 a
800 1093 969 1138 Propertio
995 1094 1195 1128 Mercurio
1221 1096 1275 1135 et,
1311 1093 1447 1138 Hauptii
1481 1094 1650 1128 inventum
1684 1095 1791 1130 talis

219 1143 364 1188 quamvis
398 1142 604 1187 ingeniosum
635 1153 784 1187 spernere
818 1154 885 1176 non
916 1142 1084 1177 dubitabis.
1143 1142 1270 1176 Inserto
1297 1142 1383 1176 enim
1415 1145 1454 1176 et
1484 1153 1552 1176 non
1582 1145 1647 1177 tam
1674 1144 1790 1187 talis,

219 1203 311 1237 quam
345 1191 477 1236 qualis
510 1191 743 1225 restituendum
778 1193 873 1226 esset.
923 1190 986 1225 Nec
1019 1202 1094 1225 vcro
1129 1191 1230 1236 magis
1266 1202 1351 1225 nunc
1384 1191 1623 1225 commendatur
1653 1191 1791 1227 Domitii

221 1240 382 1275 Calderini
408 1240 588 1275 coniectura
613 1240 721 1282 Sais,
752 1252 829 1285 quae
855 1240 928 1274 aliis
954 1251 1075 1286 quoque
1101 1240 1205 1274 causis
1237 1241 1433 1285 reprobatur.
1484 1239 1678 1275 Rectissime
1704 1242 1790 1276 enim

218 1289 297 1323 Luc.
325 1289 442 1323 Miiller
466 1289 605 1333 priorem
627 1289 735 1323 'huius
770 1289 913 1323 nominis
947 1289 1099 1332 syllabam
1135 1300 1201 1323 non
1228 1289 1412 1334 productam
1439 1290 1494 1323 sed
1520 1293 1695 1334 correptam
1721 1302 1790 1325 esse

219 1337 377 1373 iudicarit.
428 1337 474 1372 Ne
500 1337 612 1378 multa,
645 1340 749 1372 totum
782 1348 899 1371 nomen
934 1337 1043 1379 Sais,
1079 1341 1147 1372 tum
1173 1337 1257 1384 quod
1292 1337 1325 1371 in
1352 1337 1471 1372 litteris
1497 1338 1609 1372 latinis
1634 1349 1790 1384 nusquam

220 1387 367 1428 occurrit,
402 1389 469 1420 tum
502 1386 585 1431 quod
620 1397 728 1420 eorum
754 1386 953 1431 opinionem,
985 1387 1036 1431 qui
1062 1386 1266 1431 Propertium
1293 1386 1518 1420 remotissimis
1545 1386 1661 1421 fabulis
1688 1387 1790 1422 delec-

218 1438 319 1468 tatum
345 1445 414 1468 esse
439 1437 566 1479 putant,
593 1445 660 1468 non
686 1434 834 1476 adducor,
859 1437 896 1469 ut
920 1434 1135 1480 amplexer*),
1168 1436 1205 1469 ab
1236 1435 1294 1468 hoc
1320 1437 1433 1469 nostro
1459 1434 1527 1469 loco
1554 1435 1695 1469 alienum
1720 1448 1790 1471 esse

217 1494 342 1519 censeo.
381 1482 454 1517 Non
479 1494 625 1528 possum,
655 1483 733 1528 quin
759 1495 882 1518 summo
916 1486 1045 1528 stupore
1071 1495 1121 1517 me
1147 1483 1292 1517 affectum
1319 1494 1388 1517 esse
1413 1483 1577 1528 profitear,
1603 1484 1685 1529 quod
1710 1483 1787 1520 Luc.

217 1531 334 1565 Miiller
358 1534 525 1575 utrumque
552 1543 681 1573 nomen,
708 1531 781 1565 Sais
808 1535 839 1565 et
864 1532 987 1572 Brimo,
1012 1532 1148 1565 iunctim
1173 1532 1328 1576 posuerit.
1378 1531 1462 1574 Quid
1488 1532 1598 1566 enim?
1625 1533 1653 1566 si
1680 1544 1787 1567 revera

217 1579 302 1621 Sais,
336 1579 529 1613 Minerva
563 1579 619 1613 illa
644 1579 851 1626 Aegyptiaca,
884 1579 984 1614 multa
1018 1591 1087 1613 cum
1113 1579 1308 1625 Proserpina
1340 1580 1520 1614 communia
1554 1580 1675 1622 habuit,
1709 1592 1786 1616 num

216 1628 418 1673 Propertium
445 1639 480 1661 eo
507 1640 712 1673 progressum
738 1640 807 1663 esse
832 1632 992 1674 putemus,
1018 1632 1053 1662 ut
1079 1630 1177 1664 etiam
1201 1629 1234 1663 id
1260 1628 1388 1669 factum„
1420 1629 1505 1663 unde
1537 1641 1643 1675 graeca
1669 1629 1787 1665 Hecate

216 1677 285 1710 sive
303 1676 498 1722 Proserpina
523 1688 699 1722 cognomen
718 1677 829 1712 Brimo
848 1678 986 1720 invenit,
1007 1678 1040 1712 in
1060 1678 1150 1712 deam
1169 1678 1395 1722 Aegyptiacam
1414 1678 1639 1712 transtulerit?
1674 1678 1787 1712 Credat

216 1725 352 1761 Iudaeus
384 1725 508 1772 Apella.
564 1725 695 1761 Reiecta
727 1726 828 1774 igitur
858 1726 953 1762 Saide
987 1727 1069 1772 quod
1104 1727 1235 1762 verbum
1269 1727 1327 1762 sub
1360 1729 1508 1773 corrupto
1543 1727 1654 1761 satis
1689 1727 1786 1762 latere

216 1776 309 1809 nobis
335 1776 491 1817 videatur,
517 1777 739 1820 exponendum
764 1780 823 1812 est.
874 1777 958 1810 Miro
984 1777 1034 1811 hic
1059 1776 1127 1811 sato
1156 1777 1205 1819 fit,
1240 1780 1276 1810 ut
1308 1777 1428 1811 codices
1461 1777 1588 1820 quidam
1614 1777 1785 1811 deteriores

215 1824 251 1857 ab
285 1824 545 1869 interpolationis
579 1825 762 1868 suspicione
796 1835 996 1868 nequaquam
1034 1825 1125 1859 liberi
1160 1825 1246 1860 viam
1281 1828 1476 1867 monstrent,
1509 1836 1570 1868 qua
1603 1826 1639 1859 ad
1673 1836 1786 1860 verum

215 1873 376 1917 perveniri
402 1872 517 1917 possit.
568 1872 692 1907 Horum
718 1873 804 1908 enim
828 1873 936 1908 librari
962 1885 1032 1908 cum
1057 1886 1116 1919 pro
1142 1874 1255 1908 satis
1282 1873 1454 1908 scriberent
1479 1874 1648 1916 sanctis,
1674 1873 1795 1909 verum'

215 1932 282 1954 non
308 1921 459 1955 viderunt
484 1921 623 1964 quidem,
657 1922 711 1955 sed
745 1925 849 1956 tamen
882 1921 1031 1956 hariolati
1066 1926 1154 1958 sunt.
1207 1922 1285 1956 Sive
1317 1923 1403 1956 enim
1434 1923 1470 1956 de
1496 1934 1581 1956 mera
1606 1923 1785 1957 coniectura

215 1977 294 2011 illud
321 1978 487 2011 sanctis
513 1981 702 2023 posuerunt,
728 1978 797 2012 sive
828 1977 938 2012 satis
966 1990 981 2011 e
1007 1979 1109 2012 satis
1138 1979 1178 2024 (i.
1207 1990 1233 2013 e.
1260 1979 1424 2019 santis,
1460 1980 1643 2025 sanctis)
1671 1979 1784 2024 deper-

215 2027 317 2060 ditum
343 2037 412 2060 esse
438 2029 649 2071 putaverunt:
683 2026 742 2061 hoc
766 2027 993 2061 intellexerunt
1025 2028 1214 2061 vocabulum
1240 2028 1453 2071 quaerendum
1489 2039 1569 2069 esse,
1603 2028 1687 2072 quod
1714 2040 1783 2062 cum

214 2075 343 2108 undis
377 2075 561 2108 attributive
596 2076 747 2120 coniungi
781 2079 900 2120 posset.
962 2076 1044 2109 Mihi
1077 2079 1182 2110 autem
1215 2077 1329 2110 satis
1356 2088 1422 2110 non
1457 2080 1520 2110 tam
1547 2088 1563 2109 e
1595 2077 1783 2117 sanctis,

214 2135 308 2167 quam
339 2134 355 2156 e
388 2123 524 2157 sacris
557 2123 737 2158 mutilatum
771 2124 908 2167 videtur,
946 2124 1043 2167 quod,
1079 2124 1108 2159 si
1140 2125 1246 2159 littera
1279 2131 1295 2155 Ι·
1321 2125 1506 2170 compendio
1543 2136 1691 2171 expressa
1722 2124 1785 2158 fuit

336 2275 363 2308 *)
381 2274 412 2299 cf.
432 2284 497 2308 quae
515 2276 626 2302 diximus
644 2277 678 2302 ad
696 2277 714 2307 l,
734 2281 770 2307 13,
789 2281 827 2302 24.
