2118 2698
1047 186 1086 218 29

566 283 648 318 Nam
673 283 868 329 geminas
892 283 983 318 sedes
1009 270 1134 339 turpem
1159 283 1275 318 sortita
1300 294 1357 328 per
1382 285 1589 316 amnemst

607 332 785 387 Turbaque
811 332 938 367 diversa
963 332 1098 378 remigat
1124 332 1231 366 omnis
1257 342 1338 375 aqua

274 392 377 426 neque
402 392 560 427 repugno,
586 380 615 414 si
643 381 715 426 quis
739 380 928 416 vocabulum
953 383 1015 414 est
1039 383 1115 426 post
1139 383 1293 426 turpem
1319 380 1466 415 collocari
1492 379 1594 415 malit.
1644 380 1730 414 Haec
1755 381 1858 436 igitur

275 429 406 465 distichi
432 429 594 464 sententia
620 433 686 464 est:
723 428 865 472 „Omnis
891 430 983 464 turba
1009 429 1066 475 (sc.
1094 428 1291 474 animarum)
1325 440 1383 474 per
1416 431 1542 474 turpem
1576 439 1701 463 amnem
1733 428 1856 475 gemi-

274 489 346 512 nas
373 478 464 512 sedes
490 479 606 512 sortita
641 481 691 512 est
726 481 756 511 et
790 478 966 512 diversa
1001 490 1080 522 aqua
1107 477 1278 523 remigat“.
1330 477 1371 512 In
1397 477 1544 522 positura
1575 477 1748 522 particulae
1779 488 1856 522 que

275 527 304 560 si
330 526 454 569 haeres,
481 526 533 569 εἰ,
561 538 690 571 quaeso,
724 526 821 572 Prop.
849 525 919 569 ΙΙΙ,
947 525 1006 569 27,
1034 526 1066 562 9.
1094 525 1214 560 Tibull.
1240 526 1270 568 I,
1298 526 1331 567 3,
1359 524 1417 560 56.
1444 525 1525 561 Hor.
1553 524 1622 567 III,
1649 525 1683 567 4,
1712 526 1767 562 11.
1794 529 1854 562 sat.

274 574 303 617 I,
332 575 365 619 4,
394 576 475 612 115.

396 625 584 669 Sequuntur
609 625 671 660 duo
698 636 825 667 versus,
853 636 933 669 quos
959 623 1036 660 Luc,
1056 623 1174 659 Miiller
1199 624 1245 658 ita
1271 624 1465 669 desperavit,
1492 626 1528 658 ut
1553 626 1723 667 utrumque
1749 623 1856 658 notis-

274 674 355 707 sima
381 673 436 707 illa
462 685 551 708 cruce
576 674 684 708 critica
711 674 900 718 signaverit.
942 672 1024 707 Mihi
1052 673 1088 707 ad
1114 673 1332 707 restituendos
1360 684 1414 707 eos
1441 672 1485 708 Μ.
1514 672 1651 717 Hauptii
1677 672 1856 706 coniectura

275 721 420 756 sufficere
446 722 575 756 videtur
601 721 793 756 scribentis:

567 770 685 805 Unda
713 770 959 814 Clytaemestrae
985 774 1132 816 stuprum
1158 771 1247 805 vehit
1272 770 1382 813 altera,
1411 770 1605 804 Cressam

614 819 728 853 Portat
753 819 977 853 mentitam
1003 819 1109 864 lignea
1134 823 1279 854 monstra
1305 820 1409 863 bovis,

274 867 341 902 nisi
369 868 453 912 quod
479 867 622 902 codicum
647 867 745 913 primi
771 867 859 902 verbi
885 867 1076 913 scripturam
1101 879 1201 910 una,
1237 879 1330 912 quam
1365 868 1427 901 iam
1454 867 1669 912 Hertzbergus
1696 868 1767 900 voci
1793 867 1857 900 al-

274 919 367 951 tera
394 916 552 962 originem
579 917 688 951 debere
714 916 809 959 vidit,
835 928 902 951 non
929 927 966 950 ex
992 917 1119 960 unda,
1146 917 1201 950 sed
1227 928 1242 950 e
1268 917 1409 951 cumba
1440 919 1621 962 corruptam
1646 918 1736 962 puto.
1789 915 1856 959 Qua

274 965 309 998 in
345 976 378 999 re
413 977 454 998 ne
488 965 565 1009 quid
599 965 780 1010 neglexisse
812 965 934 1007 videar,
969 965 1092 999 affirmo
1128 976 1177 998 me
1210 977 1277 999 non
1303 966 1451 1010 ignorare
1486 965 1706 999 in-codicibus
1734 964 1856 998 nostris

273 1015 404 1048 verbum
431 1014 512 1047 illud
537 1014 653 1057 ubique
679 1025 737 1059 per
761 1025 781 1057 y
814 1013 954 1047 litteram
981 1013 1135 1058 scriptum
1162 1025 1251 1057 esse;
1286 1014 1341 1047 sed
1373 1013 1423 1047 illi
1456 1013 1522 1059 ipsi
1548 1013 1710 1058 Propertii
1736 1013 1856 1047 codices

276 1073 378 1106 neque
405 1065 506 1096 aetate
532 1073 635 1106 neque
660 1062 769 1096 indole
795 1062 824 1095 ei
850 1065 941 1104 sunt,
974 1062 1087 1106 quibus
1114 1062 1149 1095 in
1177 1063 1267 1095 rebus
1303 1061 1561 1107 orthographicis
1598 1062 1764 1105 quicquam
1799 1072 1857 1095 au-

274 1111 433 1145 ctoritatis
460 1111 629 1154 tribuatur.

396 1160 481 1204 Quid
516 1160 551 1194 in
577 1160 822 1204 insequentibus
849 1160 995 1195 versibus
1022 1160 1243 1195 Andromedae
1269 1159 1527 1194 commemoratio
1555 1159 1617 1193 sibi
1653 1159 1746 1202 velit,
1781 1158 1857 1193 haut

275 1209 367 1243 facile
393 1209 524 1249 dixeris,
551 1220 667 1252 neque,
695 1221 749 1243 cur
775 1209 849 1243 haec
875 1209 1027 1255 inprimis
1054 1209 1151 1243 sine
1185 1209 1335 1243 fraude
1361 1209 1516 1243 marita
1542 1208 1731 1254 appelletur,
1768 1209 1857 1253 quis-

275 1269 369 1301 quam
394 1257 600 1302 expediverit.
652 1258 715 1291 Sed
742 1258 779 1291 de
805 1258 862 1291 hac
888 1269 921 1291 re
947 1258 1110 1303 copiosius
1138 1258 1304 1291 dicendum
1331 1258 1404 1297 erit,
1438 1258 1466 1291 si
1493 1257 1757 1302 interpolationis
1785 1269 1857 1291 cau-

274 1318 341 1341 sam
368 1318 385 1341 a
409 1317 508 1341 emus.

387 1317 554 1390 gVenimus
582 1356 619 1389 ad
646 1356 739 1390 verba
766 1367 879 1390 versus
906 1355 963 1391 64.
991 1359 1165 1401 pectora
1191 1358 1301 1390 nota.
1355 1355 1442 1399 Quae
1468 1354 1678 1399 quantumvis
1705 1354 1857 1400 explicare

275 1404 380 1437 conati
415 1403 483 1437 sint
507 1403 735 1438 Lachmannus
771 1407 801 1437 et
834 1404 876 1445 is,
910 1405 964 1448 qui
991 1407 1027 1437 in
1053 1405 1295 1445 conservandis,
1331 1403 1552 1443 defendendis,
1585 1404 1780 1448 explicandis
1807 1403 1856 1436 vel

275 1452 529 1498 corruptissimis
557 1453 699 1487 codicum
725 1453 830 1487 verbis
858 1452 935 1487 haut
961 1452 1026 1487 scio
1053 1464 1093 1486 an
1121 1464 1138 1486 a
1164 1452 1255 1487 nullo
1281 1455 1462 1497 superetur,
1489 1452 1719 1498 Hertzbergus,
1751 1455 1856 1485 tamen

273 1501 364 1545 pauci
392 1501 615 1544 inveniantur,
651 1501 707 1545 qui
741 1502 930 1535 intemerata
964 1513 1032 1535 esse
1067 1502 1129 1535 ista
1164 1501 1315 1536 indicent.
1367 1500 1476 1545 Neque
1506 1501 1689 1546 praeteritis
1723 1500 1856 1534 saeculis

274 1548 456 1589 defuerunt,
491 1550 547 1592 qui
574 1561 687 1584 versus
714 1550 820 1584 nostri
855 1550 992 1584 sanandi
1025 1550 1201 1595 periculum
1235 1549 1373 1583 facerent
1400 1550 1492 1594 (vide
1518 1550 1647 1584 Hertzb.
1675 1550 1712 1582 ad
1738 1549 1769 1584 h.
1796 1549 1855 1592 l.);

274 1598 486 1653 recentiorum
512 1602 617 1632 autem
643 1598 880 1633 Heimreichius
915 1601 1018 1633 nota
1043 1598 1209 1644 pericla
1243 1598 1424 1643 proposuit.
1478 1598 1563 1642 Quae
1590 1598 1769 1632 coniectura
1795 1597 1855 1631 etsi

273 1647 375 1693 magis
408 1649 480 1692 apta
516 1650 564 1681 est
599 1647 638 1681 ad
673 1650 898 1693 argumentum
933 1648 1034 1682 totius
1067 1647 1141 1690 loci,
1177 1658 1270 1691 quam
1305 1647 1454 1690 aliorum,
1489 1650 1593 1681 tamen
1629 1658 1698 1680 cum
1724 1649 1858 1692 propter

274 1696 407 1730 nimiam
434 1695 612 1731 litterarum
640 1696 953 1739 dissimilitudinem,
980 1699 1048 1731 tum
1074 1696 1209 1731 maxime
1235 1699 1366 1742 propter
1386 1697 1554 1730 verborum
1581 1695 1772 1730 metathesin
1799 1706 1856 1730 ve-

277 1744 426 1779 risimilis
453 1756 520 1779 non
547 1748 605 1780 est.
644 1745 725 1779 Nam
751 1746 781 1779 si
800 1745 905 1779 nostri
925 1746 1046 1780 codices
1072 1749 1245 1791 pectora
1271 1748 1372 1778 nota
1399 1745 1560 1783 exhibent,
1587 1744 1727 1789 Scaliger
1752 1748 1857 1779 autem

275 1793 309 1827 in
336 1793 418 1827 libro
444 1805 503 1827 suo
530 1793 658 1827 invenit
684 1804 865 1839 corpora
891 1797 1012 1837 nota,
1038 1794 1290 1828 concludendum
1316 1797 1364 1827 est
1384 1794 1510 1839 priores
1536 1794 1659 1827 litteras
1685 1794 1721 1826 in
1747 1793 1857 1827 arche-

274 1845 352 1887 typo
379 1842 527 1877 difficiles
554 1841 655 1877 fuisse
682 1843 720 1876 ad
746 1842 917 1888 legendum
943 1845 974 1876 et
1000 1844 1036 1877 ab
1062 1842 1136 1877 aliis
1163 1843 1301 1877 librariis
1329 1842 1423 1877 aliter
1457 1854 1494 1876 ex
1525 1842 1655 1876 arbitrio
1689 1841 1856 1887 suppletas

274 1902 354 1926 esse.
406 1891 468 1925 His
495 1892 597 1936 igilur
621 1891 742 1926 finibus
778 1891 884 1925 omnis
920 1892 1100 1926 coniectura
1135 1895 1279 1925 teneatur
1314 1894 1451 1936 oportet.
1504 1891 1575 1936 Ipsi
1611 1891 1791 1925 dubitantes
1826 1894 1857 1925 et

275 1940 456 1974 conaminis
482 1940 609 1975 veniam
634 1943 798 1985 precantes
825 1941 1038 1986 proponimus
1065 1944 1120 1975 aut
1153 1940 1265 1974 facta
1296 1943 1457 1974 remota
1490 1943 1545 1974 aut
1570 1939 1658 1973 fata
1684 1943 1857 1975 remota.

396 1989 545 2034 Denique
571 1989 606 2023 in
632 2001 663 2026 v.
691 1988 748 2025 69.
775 1989 866 2024 valde
901 1988 1036 2024 offendit
1071 2001 1133 2024 vox
1167 2000 1382 2032 sanamus,
1410 2001 1503 2034 quae,
1538 1992 1574 2023 ut
1599 1992 1709 2035 postea
1736 2000 1858 2034 cogno-

273 2039 393 2080 vimus,
420 2039 484 2073 iam
510 2039 692 2073 Passeratio
719 2042 749 2072 et
775 2039 983 2073 Broukhusio
1012 2039 1188 2084 displicuit.
1240 2039 1286 2073 Ne
1320 2042 1428 2074 tamen
1461 2050 1569 2073 eorum
1595 2040 1765 2074 inventum
1790 2050 1855 2073 so-

274 2087 411 2121 lamur
436 2089 621 2132 probemus,
649 2099 684 2121 eo
711 2087 928 2132 prohibemur,
961 2089 1046 2131 quod
1072 2091 1161 2122 totus
1197 2087 1247 2121 hic
1278 2088 1367 2122 locus
1394 2100 1462 2122 non
1487 2099 1557 2121 eum
1584 2087 1618 2121 in
1647 2088 1743 2121 finem
1769 2099 1857 2121 com—

275 2136 402 2180 positus
429 2136 569 2178 videtur,
595 2139 632 2170 ut
658 2136 795 2170 feminae
813 2136 908 2170 etiam
926 2137 1010 2182 apud
1028 2136 1152 2171 inferos
1169 2137 1341 2182 praeterita
1360 2136 1442 2170 mala
1461 2136 1608 2181 lugentes
1627 2136 1856 2178 describantur,

275 2184 332 2218 sed
357 2184 481 2230 potius,
507 2187 544 2218 ut
570 2196 659 2219 amor
684 2185 789 2219 fidelis
816 2185 910 2219 etiam
937 2188 1071 2220 mortem
1097 2196 1248 2230 superare
1270 2186 1524 2219 demonstretur:
1553 2185 1585 2218 id
1611 2185 1694 2228 quod
1714 2187 1744 2217 et
1761 2196 1858 2219 versu

275 2233 333 2268 53.
361 2236 393 2267 et
417 2233 692 2280 Hypermnestrae
727 2234 869 2279 exemplo
902 2237 931 2267 et
964 2246 1057 2268 versu
1086 2233 1143 2269 70.
1179 2237 1319 2279 apparet.
1371 2234 1444 2268 Non
1481 2235 1567 2268 enim
1594 2234 1737 2268 lacrimae
1764 2234 1857 2275 istae,
