2118 2698
1041 223 1082 254 32
1102 240 1108 248 .

388 319 481 363 Quod
514 320 686 355 clarissimi
720 321 782 355 viri
816 321 969 355 iudicium
1007 321 1108 355 secuti
1147 324 1226 354 sunt
1259 321 1304 356 Μ.
1339 320 1505 366 Hauptius
1545 324 1576 355 et
1612 320 1689 356 Luc.
1726 321 1853 359 Miiller.

266 367 385 401 verum
421 367 495 401 haec
530 368 712 403 coniectura
747 370 895 412 quamvis
930 369 1044 403 blanda
1080 373 1185 403 tamen
1220 369 1325 411 habet,
1360 369 1395 403 in
1423 380 1486 413 quo
1513 369 1667 405 offendas.
1719 368 1800 403 Nam
1825 371 1856 405 si

265 416 507 450 consideramus
534 417 767 461 optativorum,
794 428 852 462 per
877 428 960 460 quos
987 418 1130 461 procedit
1156 417 1258 450 oratio
1280 416 1448 450 Corneliae
1475 418 1514 462 (v
1524 429 1541 451 a
1551 430 1566 451 c
1576 430 1591 452 e
1601 430 1617 452 s
1626 443 1645 460 ,,
1663 421 1703 452 ta
1712 429 1728 452 e
1738 429 1754 451 e
1764 429 1781 452 a
1790 429 1813 452 n
1822 421 1854 461 t,
1905 433 1911 436 ·

265 464 533 510 corripiare,
560 468 701 510 petat,
729 466 900 510 iaceat),
936 465 1051 499 seriem
1077 465 1180 499 media
1214 476 1289 500 voce
1324 465 1358 498 in
1385 466 1612 510 corripere
1638 468 1760 500 mutata
1785 465 1855 500 foe-

265 514 398 547 dissime
425 514 634 559 interrumpi,
670 526 762 560 aegre
787 518 912 559 poetam
948 514 993 548 ita
1019 514 1192 560 scripsisse
1225 514 1441 549 concedemus,
1493 513 1605 548 Minus
1638 514 1734 548 etiam
1760 515 1854 549 nobis

264 563 418 608 probatur
450 562 512 596 alia
547 564 729 597 coniectura
762 575 779 597 a
814 562 940 597 Kochio
977 563 1029 608 (in
1066 564 1168 606 symb.
1204 561 1283 607 phil.
1318 562 1446 607 Bonn.)
1481 562 1616 607 prolata.
1674 563 1736 596 Hic
1768 563 1854 597 enirn

264 611 378 645 reiecta
412 623 488 646 voce
522 611 651 646 fallax
685 624 743 657 pro
779 623 813 646 ea
846 614 1007 657 gutture
1034 612 1151 658 reponi
1186 611 1265 646 vult.
1318 610 1380 654 Qui
1407 613 1512 645 autem
1540 610 1610 645 fieri
1637 612 1792 656 potuerit,
1818 615 1855 646 ut

264 671 299 693 ex
328 664 509 705 gutture
536 661 717 701 efficeretur
740 660 882 701 fallax,
914 672 954 693 ne
980 660 1108 695 Kochio
1136 660 1262 704 quidem
1296 659 1387 694 facile
1421 660 1465 693 sit
1492 660 1531 693 ad
1557 660 1853 697 demonstrandum.

388 709 469 751 Iam,
498 710 574 753 quid
600 710 664 754 ipsi
691 709 883 751 sentiamus,
910 710 1089 754 exposituri
1118 710 1243 743 animos
1270 709 1445 754 legentium
1478 709 1515 743 ad
1548 711 1668 743 certunm
1694 708 1854 752 quoddam

264 757 517 802 corruptelarum
545 769 648 802 genus
675 758 872 791 advertimus
900 757 934 790 in
962 758 1053 791 libris
1082 757 1302 803 Propertianis
1329 757 1450 801 passim
1469 758 1610 791 obvium.
1654 757 1747 801 Quod
1760 758 1853 801 quale

263 806 320 845 sit,
357 818 393 839 ex
427 806 479 840 his
512 806 666 851 exemplis
702 806 880 851 intelleges.
933 806 970 840 Si
997 806 1065 849 Ill,
1093 805 1153 847 26,
1182 805 1238 840 29.
1267 806 1300 839 in
1328 806 1476 840 omnibus
1512 805 1602 839 libris
1628 817 1687 851 pro
1714 805 1852 851 Argus

263 855 420 899 scriptum
448 855 635 888 invenimus
664 855 797 899 Argo,
823 866 919 899 porro
947 855 974 889 si
1002 867 1033 891 v.
1062 855 1119 891 66.
1147 855 1295 890 carminis
1323 855 1429 888 nostri
1455 853 1620 889 consule
1647 865 1720 898 quo
1747 853 1852 889 facto

263 906 371 947 aperte
398 906 583 948 corruptum
620 906 668 936 est
705 914 740 935 ex
776 903 926 936 consul
962 915 1041 946 quo
1080 904 1239 943 sactus,
1275 915 1366 937 causa
1392 903 1569 946 quaerenda
1596 906 1656 945 est,
1692 903 1851 946 quomodo

262 950 379 986 sactum
407 952 463 993 sit,
491 955 524 986 ut
553 952 721 996 utrobique
749 951 870 986 codices
898 963 957 997 pro
985 951 1127 986 clausula
1155 964 1198 985 us
1226 951 1436 997 suppeditent
1460 962 1490 987 o.
1538 951 1646 995 Atque
1672 950 1752 985 mihi
1779 952 1852 994 qui-

263 1001 331 1034 dem
367 1001 426 1035 hoc
460 1001 733 1035 verisimillimum
769 1004 814 1035 cst
852 1013 868 1034 a
904 1001 1033 1035 librario
1070 1001 1231 1046 archetypi
1267 1000 1491 1046 compendium
1522 1012 1551 1043 9,
1597 999 1682 1045 quod
1717 999 1750 1034 in
1787 1000 1852 1034 fine

263 1050 430 1083 verborum
459 1061 505 1083 us
533 1050 708 1094 significat,
744 1049 940 1092 aliquotiens
975 1051 1013 1083 ob
1048 1051 1168 1095 figurae
1194 1050 1441 1084 similitudinem
1467 1062 1527 1095 pro
1555 1049 1661 1083 littera
1688 1060 1706 1085 o
1739 1061 1851 1094 sump-

262 1101 330 1131 tum
357 1098 482 1144 esse*).
524 1098 594 1142 Quo
622 1109 727 1132 errore
754 1098 848 1131 etiam
876 1098 934 1132 hoc
961 1101 1075 1132 nostro
1104 1098 1170 1132 loco
1188 1101 1299 1143 captus
1316 1098 1445 1133 videtur
1466 1098 1534 1139 ille,
1561 1109 1630 1132 cum
1658 1097 1850 1131 Tantaleo

261 1159 319 1192 pro
346 1159 395 1190 eo,
432 1147 516 1190 quod
550 1147 707 1192 scriptum
741 1147 803 1180 suit
831 1147 1064 1187 Tantale9,
1099 1150 1241 1192 poneret.
1294 1147 1504 1190 Quamobrem
1540 1158 1670 1181 versum
1704 1149 1851 1180 nostrum

261 1196 306 1229 sic
332 1196 518 1229 restitutum
545 1196 660 1229 velim:

628 1243 740 1277 Fallax
767 1244 1008 1277 Tantaleus
1036 1245 1206 1288 corripiare
1234 1244 1352 1287 liquor,

261 1292 294 1325 iu
323 1304 385 1335 quo
414 1293 490 1336 quid
519 1292 732 1337 reprehendas
761 1304 824 1325 non
854 1292 958 1326 video.

383 1503 497 1538 Plures
533 1504 628 1537 etiam
665 1504 751 1538 locos
788 1508 979 1538 tractaturus
1015 1517 1113 1546 eram,
1146 1505 1200 1538 sed
1227 1515 1370 1538 coerceor
1405 1503 1548 1537 concessi
1575 1503 1673 1548 spatii
1701 1514 1850 1537 mensura

258 1553 362 1588 finita.
416 1552 542 1596 Itaque,
570 1564 610 1586 ne
638 1564 683 1592 ea,
712 1565 792 1596 quae
818 1553 936 1598 publici
964 1552 1045 1587 iuris
1073 1553 1172 1586 facere
1198 1553 1415 1593 institueram,
1446 1552 1482 1585 in
1508 1551 1665 1586 incertum
1692 1552 1849 1595 quoddam

257 1605 386 1647 tempus
414 1601 616 1641 differantur,
651 1602 1004 1646 prolixius·scribendi
1039 1613 1140 1647 genus
1176 1602 1311 1636 missum
1344 1601 1425 1635 facio
1455 1603 1485 1633 et
1518 1611 1597 1644 quae
1624 1600 1745 1644 reliqua
1772 1603 1849 1634 sunt

259 1651 391 1684 theseon
421 1651 454 1683 in
482 1662 602 1683 morem
629 1663 790 1695 propono.

384 1700 413 1734 1.
453 1699 481 1735 I.
512 1698 543 1741 4,
572 1699 628 1735 24.
657 1699 754 1733 initio
782 1703 818 1733 et
848 1700 881 1733 in
910 1703 972 1733 est
1001 1700 1188 1733 mutandum
1217 1702 1275 1735 est.
1327 1698 1412 1744 Lege
1440 1699 1561 1743 igitur:

625 1747 738 1782 Nullas
766 1748 820 1782 illa
847 1749 916 1782 suis
944 1751 1127 1782 contemnet
1153 1747 1280 1782 fletibus
1308 1759 1391 1790 aras,

675 1796 754 1830 Est
780 1797 971 1840 quicumque
997 1808 1096 1837 sacer,
1123 1796 1227 1840 qualis
1255 1797 1371 1840 ubique
1394 1796 1488 1841 lapis.

502 1846 550 1881 Cf.
579 1845 649 1881 Tib.
677 1845 708 1888 I,
737 1845 771 1887 2,
800 1845 855 1881 39.
884 1845 944 1887 IV,
974 1847 1006 1888 1,
1036 1844 1115 1882 197.

379 1895 411 1930 2.
453 1895 482 1936 Ι,
510 1895 543 1930 5.
573 1894 605 1930 2.
634 1906 714 1938 quo
742 1906 888 1928 sumus
916 1895 1036 1929 omissa
1062 1894 1304 1939 praepositione
1330 1895 1373 1928 in
1401 1893 1610 1927 audacissime
1641 1892 1759 1926 dictum
1787 1894 1846 1926 est.

257 1944 403 1977 Ceterum
431 1956 465 1977 ea
492 1945 585 1977 verba
614 1944 717 1977 otiosa
745 1946 833 1978 sunt.
885 1943 1092 1988 Propertium
1116 1944 1161 1977 sic
1187 1943 1358 1988 scripsisse
1385 1944 1483 1988 puto:

624 1992 752 2034 Invide,
780 1995 815 2024 tu
842 1993 968 2026 tandem
995 2003 1090 2026 voces
1118 2002 1279 2036 compesce
1306 1991 1458 2025 molestas

673 2039 718 2073 Et
745 2040 816 2073 sine
843 2051 902 2073 nos
930 2052 1037 2080 cursu,
1065 2051 1344 2082 quaesumus,
1372 2040 1417 2072 ire
1444 2049 1545 2082 pares,

377 2161 401 2191 *)
419 2161 518 2186 Eodem
543 2161 619 2186 modo
645 2161 753 2186 vitiatus
777 2161 841 2186 mihi
866 2161 968 2186 videtur
992 2168 1082 2186 versus
1101 2161 1120 2190 Ι,
1142 2166 1162 2190 1,
1181 2165 1229 2190 36.,
1252 2161 1296 2185 ubi
1315 2167 1361 2191 pro
1380 2164 1513 2184 assueto
1532 2166 1638 2184 amore
1656 2158 1777 2190 primitus
1796 2166 1845 2186 as-

254 2204 373 2228 suetus
396 2209 485 2227 amore
508 2202 591 2228 fuisse
615 2203 741 2234 suspicor.
777 2202 868 2234 Neque
886 2202 917 2231 V,
936 2207 958 2232 4,
978 2206 1016 2227 39.
1042 2201 1068 2226 id
1092 2202 1160 2233 quod
1185 2202 1259 2227 codd.
1284 2200 1382 2226 habent
1400 2199 1544 2232 Tarpeio
1567 2208 1625 2225 cum
1643 2199 1673 2225 L.
1691 2199 1803 2226 Mullero
1820 2201 1846 2225 in

254 2243 403 2275 Tarpeia
420 2243 575 2269 mutandum
594 2246 641 2271 est,
661 2243 706 2268 sed
724 2243 766 2268 hi(-
785 2250 887 2274 quoque
906 2242 1050 2275 Tarpeis
1064 2243 1189 2275 scriptum
1208 2242 1265 2267 fuit.
1302 2241 1339 2267 Cf.
1358 2241 1436 2266 etiam
1455 2248 1521 2273 quae
1539 2241 1572 2266 ad
1591 2240 1622 2270 V,
1642 2244 1664 2270 2,
1683 2244 1721 2266 ³4.
1740 2240 1772 2266 de
1789 2240 1844 2267 cod.

252 2283 347 2308 Hamb.
366 2284 498 2316 scriptura
517 2283 637 2309 diximus.
