<?xml version="1.0" encoding="UTF-8"?>
<!DOCTYPE html PUBLIC "-//W3C//DTD XHTML 1.0 Transitional//EN"
    "http://www.w3.org/TR/xhtml1/DTD/xhtml1-transitional.dtd">
<html xmlns="http://www.w3.org/1999/xhtml" xml:lang="en" lang="en">
 <head>
  <title>
</title>
<meta http-equiv="Content-Type" content="text/html;charset=utf-8" />
  <meta name='ocr-system' content='tesseract 3.04.00' />
  <meta name='ocr-capabilities' content='ocr_page ocr_carea ocr_par ocr_line ocrx_word'/>
</head>
<body>
  <div class='ocr_page' id='page_1' title='image "4765521_0011.png"; bbox 0 0 2118 2698; ppageno 0'>
   <div class='ocr_carea' id='block_1_1' title="bbox 0 0 470 61">
    <p class='ocr_par' dir='ltr' id='par_1_1' title="bbox 0 0 470 61">
     <span class='ocr_line' id='line_1_1' title="bbox 0 0 470 34; baseline -0.015 -1"><span class='ocrx_word' id='word_1_1' title='bbox 0 0 167 34; x_wconf 49' lang='lat' dir='ltr'><strong>?,ZXQ-&#39;Kii&#39;ssss</strong></span> <span class='ocrx_word' id='word_1_2' title='bbox 184 24 188 26; x_wconf 93' lang='lat'><strong>.</strong></span> <span class='ocrx_word' id='word_1_3' title='bbox 206 0 211 7; x_wconf 73' lang='lat'><strong>²</strong></span> <span class='ocrx_word' id='word_1_4' title='bbox 288 0 362 17; x_wconf 84' lang='lat'>¹</span> <span class='ocrx_word' id='word_1_5' title='bbox 382 2 388 11; x_wconf 89' lang='grc'><strong>··</strong></span> <span class='ocrx_word' id='word_1_6' title='bbox 446 0 470 7; x_wconf 91' lang='grc'><strong>··</strong></span> 
     </span>
     <span class='ocr_line' id='line_1_2' title="bbox 9 28 263 61; baseline -0.02 -2"><span class='ocrx_word' id='word_1_7' title='bbox 9 28 189 61; x_wconf 29' lang='lat' dir='ltr'><strong>&#39;‘xrs-&#39;⁵⁸²2‘</strong></span> <span class='ocrx_word' id='word_1_8' title='bbox 256 31 263 37; x_wconf 68' lang='grc'><strong>”’</strong></span> 
     </span>
    </p>
   </div>
   <div class='ocr_carea' id='block_1_2' title="bbox 1008 213 1029 242">
    <p class='ocr_par' dir='ltr' id='par_1_2' title="bbox 1008 213 1029 242">
     <span class='ocr_line' id='line_1_3' title="bbox 1008 213 1029 242; baseline 0 0"><span class='ocrx_word' id='word_1_9' title='bbox 1008 213 1029 242; x_wconf 78' lang='lat'>5</span> 
     </span>
    </p>
   </div>
   <div class='ocr_carea' id='block_1_3' title="bbox 919 252 1016 257">
    <p class='ocr_par' dir='ltr' id='par_1_3' title="bbox 919 252 1016 257">
     <span class='ocr_line' id='line_1_4' title="bbox 919 252 1016 257; baseline 0 0"><span class='ocrx_word' id='word_1_10' title='bbox 919 252 1016 257; x_wconf 95' lang='lat' dir='ltr'><strong> </strong></span> 
     </span>
    </p>
   </div>
   <div class='ocr_carea' id='block_1_4' title="bbox 226 308 1812 1232">
    <p class='ocr_par' dir='ltr' id='par_1_4' title="bbox 226 308 1812 1232">
     <span class='ocr_line' id='line_1_5' title="bbox 233 308 1812 356; baseline 0 -12"><span class='ocrx_word' id='word_1_11' title='bbox 233 309 469 344; x_wconf 76' lang='lat' dir='ltr'><strong>enuntiationis</strong></span> <span class='ocrx_word' id='word_1_12' title='bbox 495 310 661 356; x_wconf 79' lang='lat' dir='ltr'><strong>putabant,</strong></span> <span class='ocrx_word' id='word_1_13' title='bbox 694 320 830 355; x_wconf 67' lang='lat' dir='ltr'><strong>quoru-</strong></span> <span class='ocrx_word' id='word_1_14' title='bbox 863 309 955 356; x_wconf 89' lang='lat' dir='ltr'><strong>prius</strong></span> <span class='ocrx_word' id='word_1_15' title='bbox 988 312 1073 345; x_wconf 88' lang='lat' dir='ltr'><strong>esset</strong></span> <span class='ocrx_word' id='word_1_16' title='bbox 1104 309 1260 354; x_wconf 82' lang='lat' dir='ltr'><strong>quibus</strong></span> <span class='ocrx_word' id='word_1_17' title='bbox 1296 312 1363 343; x_wconf 83' lang='lat' dir='ltr'><strong>est</strong></span> <span class='ocrx_word' id='word_1_18' title='bbox 1393 308 1571 344; x_wconf 65' lang='lat' dir='ltr'><strong>salucia</strong></span> <span class='ocrx_word' id='word_1_19' title='bbox 1596 308 1812 345; x_wconf 81' lang='lat' dir='ltr'><strong>&#39;deductae</strong></span> 
     </span>
     <span class='ocr_line' id='line_1_6' title="bbox 231 357 1812 404; baseline 0.002 -13"><span class='ocrx_word' id='word_1_20' title='bbox 231 357 376 400; x_wconf 80' lang='lat' dir='ltr'><strong>lunae,</strong></span> <span class='ocrx_word' id='word_1_21' title='bbox 401 358 538 392; x_wconf 77' lang='lat' dir='ltr'><strong>alterurn</strong></span> <span class='ocrx_word' id='word_1_22' title='bbox 562 359 717 402; x_wconf 83' lang='lat' dir='ltr'><strong>quibus</strong></span> <span class='ocrx_word' id='word_1_23' title='bbox 742 358 865 393; x_wconf 90' lang='lat' dir='ltr'><strong>labor</strong></span> <span class='ocrx_word' id='word_1_24' title='bbox 889 362 957 392; x_wconf 83' lang='lat' dir='ltr'><strong>est</strong></span> <span class='ocrx_word' id='word_1_25' title='bbox 981 360 1115 404; x_wconf 87' lang='lat' dir='ltr'><strong>piare.</strong></span> <span class='ocrx_word' id='word_1_26' title='bbox 1153 358 1504 404; x_wconf 76' lang='lat' dir='ltr'><strong>Sicdistiuguentibus</strong></span> <span class='ocrx_word' id='word_1_27' title='bbox 1530 360 1666 393; x_wconf 85' lang='lat' dir='ltr'><strong>maxima</strong></span> <span class='ocrx_word' id='word_1_28' title='bbox 1690 359 1812 394; x_wconf 81' lang='lat' dir='ltr'><strong>existe-</strong></span> 
     </span>
     <span class='ocr_line' id='line_1_7' title="bbox 231 404 1811 452; baseline 0.001 -11"><span class='ocrx_word' id='word_1_29' title='bbox 231 407 285 441; x_wconf 76' lang='lat' dir='ltr'><strong>hat</strong></span> <span class='ocrx_word' id='word_1_30' title='bbox 314 405 489 441; x_wconf 75' lang='lat' dir='ltr'><strong>difficultas</strong></span> <span class='ocrx_word' id='word_1_31' title='bbox 523 407 558 441; x_wconf 86' lang='lat' dir='ltr'><strong>in</strong></span> <span class='ocrx_word' id='word_1_32' title='bbox 589 406 831 452; x_wconf 78' lang='lat' dir='ltr'><strong>interpretando</strong></span> <span class='ocrx_word' id='word_1_33' title='bbox 863 405 1006 441; x_wconf 73' lang='lat' dir='ltr'><strong>fallaciae</strong></span> <span class='ocrx_word' id='word_1_34' title='bbox 1042 404 1151 450; x_wconf 67' lang='lat' dir='ltr'><strong>verso,</strong></span> <span class='ocrx_word' id='word_1_35' title='bbox 1186 406 1276 441; x_wconf 91' lang='lat' dir='ltr'><strong>cuius</strong></span> <span class='ocrx_word' id='word_1_36' title='bbox 1308 406 1697 452; x_wconf 77' lang='lat' dir='ltr'><strong>significationem-miro·</strong></span> <span class='ocrx_word' id='word_1_37' title='bbox 1716 407 1811 442; x_wconf 81' lang='lat' dir='ltr'><strong>modo</strong></span> 
     </span>
     <span class='ocr_line' id='line_1_8' title="bbox 231 454 1811 500; baseline 0.001 -10"><span class='ocrx_word' id='word_1_38' title='bbox 231 455 354 490; x_wconf 86' lang='lat' dir='ltr'><strong>variare</strong></span> <span class='ocrx_word' id='word_1_39' title='bbox 384 455 585 500; x_wconf 78' lang='lat' dir='ltr'><strong>cogebantur.</strong></span> <span class='ocrx_word' id='word_1_40' title='bbox 643 455 752 500; x_wconf 82' lang='lat' dir='ltr'>Neque</span> <span class='ocrx_word' id='word_1_41' title='bbox 789 455 883 490; x_wconf 84' lang='lat' dir='ltr'><strong>aliter</strong></span> <span class='ocrx_word' id='word_1_42' title='bbox 919 456 1025 490; x_wconf 84' lang='lat' dir='ltr'><strong>verbis</strong></span> <span class='ocrx_word' id='word_1_43' title='bbox 1062 455 1269 490; x_wconf 87' lang='lat' dir='ltr'><strong>deductae</strong></span> <span class='ocrx_word' id='word_1_44' title='bbox 1308 455 1436 490; x_wconf 88' lang='lat' dir='ltr'><strong>lunae</strong></span> <span class='ocrx_word' id='word_1_45' title='bbox 1469 454 1642 491; x_wconf 74' lang='lat' dir='ltr'><strong>insolitum</strong></span> <span class='ocrx_word' id='word_1_46' title='bbox 1677 466 1811 491; x_wconf 75' lang='lat' dir='ltr'><strong>seusun</strong></span> 
     </span>
     <span class='ocr_line' id='line_1_9' title="bbox 231 503 1811 550; baseline 0.001 -13"><span class='ocrx_word' id='word_1_47' title='bbox 231 504 362 538; x_wconf 77' lang='lat' dir='ltr'>subesse</span> <span class='ocrx_word' id='word_1_48' title='bbox 388 503 622 540; x_wconf 78' lang='lat' dir='ltr'><strong>existimabant.</strong></span> <span class='ocrx_word' id='word_1_49' title='bbox 674 504 860 546; x_wconf 75' lang='lat' dir='ltr'><strong>Videamus,</strong></span> <span class='ocrx_word' id='word_1_50' title='bbox 896 505 1054 549; x_wconf 83' lang='lat' dir='ltr'><strong>quomodo</strong></span> <span class='ocrx_word' id='word_1_51' title='bbox 1092 504 1216 550; x_wconf 80' lang='lat' dir='ltr'><strong>singuli</strong></span> <span class='ocrx_word' id='word_1_52' title='bbox 1247 504 1451 550; x_wconf 85' lang='lat' dir='ltr'><strong>interpretati</strong></span> <span class='ocrx_word' id='word_1_53' title='bbox 1484 504 1563 540; x_wconf 81' lang='lat' dir='ltr'><strong>sint.</strong></span> <span class='ocrx_word' id='word_1_54' title='bbox 1625 503 1811 539; x_wconf 66' lang='lat' dir='ltr'><strong>Gabbaram</strong></span> 
     </span>
     <span class='ocr_line' id='line_1_10' title="bbox 230 552 1811 601; baseline 0.001 -15"><span class='ocrx_word' id='word_1_55' title='bbox 230 553 265 586; x_wconf 89' lang='lat' dir='ltr'><strong>in</strong></span> <span class='ocrx_word' id='word_1_56' title='bbox 286 552 492 601; x_wconf 70' lang='lat' dir='ltr'><strong>Crepundiis,</strong></span> <span class='ocrx_word' id='word_1_57' title='bbox 518 556 554 588; x_wconf 89' lang='lat' dir='ltr'><strong>ut</strong></span> <span class='ocrx_word' id='word_1_58' title='bbox 579 557 716 589; x_wconf 83' lang='lat' dir='ltr'><strong>testatur</strong></span> <span class='ocrx_word' id='word_1_59' title='bbox 733 552 974 597; x_wconf 83' lang='lat' dir='ltr'><strong>Broukhusius,</strong></span> <span class='ocrx_word' id='word_1_60' title='bbox 1000 565 1110 588; x_wconf 87' lang='lat' dir='ltr'><strong>vocem</strong></span> <span class='ocrx_word' id='word_1_61' title='bbox 1136 552 1278 588; x_wconf 79' lang='lat' dir='ltr'><strong>fallaciae</strong></span> <span class='ocrx_word' id='word_1_62' title='bbox 1303 564 1363 599; x_wconf 87' lang='lat' dir='ltr'><strong>pro</strong></span> <span class='ocrx_word' id='word_1_63' title='bbox 1383 552 1596 588; x_wconf 80' lang='lat' dir='ltr'><strong>fascinatione</strong></span> <span class='ocrx_word' id='word_1_64' title='bbox 1617 556 1649 588; x_wconf 88' lang='lat' dir='ltr'><strong>et</strong></span> <span class='ocrx_word' id='word_1_65' title='bbox 1673 553 1811 599; x_wconf 84' lang='lat' dir='ltr'><strong>praesti-</strong></span> 
     </span>
     <span class='ocr_line' id='line_1_11' title="bbox 231 601 1810 648; baseline 0 -12"><span class='ocrx_word' id='word_1_66' title='bbox 231 601 294 647; x_wconf 83' lang='lat' dir='ltr'><strong>giis</strong></span> <span class='ocrx_word' id='word_1_67' title='bbox 320 602 459 647; x_wconf 82' lang='lat' dir='ltr'><strong>positam</strong></span> <span class='ocrx_word' id='word_1_68' title='bbox 485 613 554 637; x_wconf 89' lang='lat' dir='ltr'><strong>esse</strong></span> <span class='ocrx_word' id='word_1_69' title='bbox 580 606 684 648; x_wconf 87' lang='lat' dir='ltr'><strong>putat,</strong></span> <span class='ocrx_word' id='word_1_70' title='bbox 719 602 804 637; x_wconf 88' lang='lat' dir='ltr'><strong>uude</strong></span> <span class='ocrx_word' id='word_1_71' title='bbox 828 601 947 637; x_wconf 80' lang='lat' dir='ltr'><strong>factum</strong></span> <span class='ocrx_word' id='word_1_72' title='bbox 974 607 1033 646; x_wconf 87' lang='lat' dir='ltr'><strong>est,</strong></span> <span class='ocrx_word' id='word_1_73' title='bbox 1068 605 1105 637; x_wconf 89' lang='lat' dir='ltr'><strong>ut</strong></span> <span class='ocrx_word' id='word_1_74' title='bbox 1139 602 1237 636; x_wconf 85' lang='lat' dir='ltr'><strong>lexica</strong></span> <span class='ocrx_word' id='word_1_75' title='bbox 1262 614 1296 639; x_wconf 87' lang='lat' dir='ltr'><strong>v.</strong></span> <span class='ocrx_word' id='word_1_76' title='bbox 1321 614 1369 648; x_wconf 82' lang='lat' dir='ltr'><strong>gr.</strong></span> <span class='ocrx_word' id='word_1_77' title='bbox 1395 601 1598 645; x_wconf 80' lang='lat' dir='ltr'><strong>Forcellinii,</strong></span> <span class='ocrx_word' id='word_1_78' title='bbox 1629 602 1810 648; x_wconf 78' lang='lat' dir='ltr'><strong>Georgesii,</strong></span> 
     </span>
     <span class='ocr_line' id='line_1_12' title="bbox 229 649 1810 697; baseline 0.001 -13"><span class='ocrx_word' id='word_1_79' title='bbox 229 649 354 685; x_wconf 85' lang='lat' dir='ltr'><strong>Klotzii</strong></span> <span class='ocrx_word' id='word_1_80' title='bbox 381 662 449 684; x_wconf 87' lang='lat' dir='ltr'><strong>eam</strong></span> <span class='ocrx_word' id='word_1_81' title='bbox 474 651 744 697; x_wconf 78' lang='lat' dir='ltr'><strong>significationem</strong></span> <span class='ocrx_word' id='word_1_82' title='bbox 761 651 941 693; x_wconf 76' lang='lat' dir='ltr'><strong>exhibeant,</strong></span> <span class='ocrx_word' id='word_1_83' title='bbox 968 652 1088 686; x_wconf 85' lang='lat' dir='ltr'><strong>scilicet</strong></span> <span class='ocrx_word' id='word_1_84' title='bbox 1106 651 1231 685; x_wconf 86' lang='lat' dir='ltr'><strong>nullius</strong></span> <span class='ocrx_word' id='word_1_85' title='bbox 1258 651 1318 686; x_wconf 91' lang='lat' dir='ltr'><strong>loci</strong></span> <span class='ocrx_word' id='word_1_86' title='bbox 1341 651 1528 686; x_wconf 85' lang='lat' dir='ltr'><strong>auctoritate</strong></span> <span class='ocrx_word' id='word_1_87' title='bbox 1553 655 1679 696; x_wconf 86' lang='lat' dir='ltr'><strong>praeter</strong></span> <span class='ocrx_word' id='word_1_88' title='bbox 1703 651 1810 685; x_wconf 89' lang='lat' dir='ltr'><strong>nostri</strong></span> 
     </span>
     <span class='ocr_line' id='line_1_13' title="bbox 230 697 1808 745; baseline 0.001 -13"><span class='ocrx_word' id='word_1_89' title='bbox 230 698 353 734; x_wconf 89' lang='lat' dir='ltr'><strong>fultam.</strong></span> <span class='ocrx_word' id='word_1_90' title='bbox 406 697 495 736; x_wconf 83' lang='lat' dir='ltr'><strong>Frid.</strong></span> <span class='ocrx_word' id='word_1_91' title='bbox 525 699 627 736; x_wconf 84' lang='lat' dir='ltr'><strong>Gottl</strong></span> <span class='ocrx_word' id='word_1_92' title='bbox 660 699 787 734; x_wconf 83' lang='lat' dir='ltr'><strong>Barthii</strong></span> <span class='ocrx_word' id='word_1_93' title='bbox 819 699 1041 745; x_wconf 79' lang='lat' dir='ltr'><strong>interpretatio</strong></span> <span class='ocrx_word' id='word_1_94' title='bbox 1077 700 1152 734; x_wconf 82' lang='lat' dir='ltr'><strong>haec</strong></span> <span class='ocrx_word' id='word_1_95' title='bbox 1186 703 1254 734; x_wconf 86' lang='lat' dir='ltr'><strong>est·</strong></span> <span class='ocrx_word' id='word_1_96' title='bbox 1289 698 1453 743; x_wconf 79' lang='lat' dir='ltr'><strong>„Fallacia</strong></span> <span class='ocrx_word' id='word_1_97' title='bbox 1487 711 1545 745; x_wconf 92' lang='lat' dir='ltr'><strong>pro</strong></span> <span class='ocrx_word' id='word_1_98' title='bbox 1571 703 1638 734; x_wconf 81' lang='lat' dir='ltr'><strong>arte</strong></span> <span class='ocrx_word' id='word_1_99' title='bbox 1663 700 1808 745; x_wconf 86' lang='lat' dir='ltr'><strong>ponitur,</strong></span> 
     </span>
     <span class='ocr_line' id='line_1_14' title="bbox 229 747 1807 794; baseline 0.001 -13"><span class='ocrx_word' id='word_1_100' title='bbox 229 747 319 782; x_wconf 92' lang='lat' dir='ltr'><strong>cuius</strong></span> <span class='ocrx_word' id='word_1_101' title='bbox 345 748 427 782; x_wconf 91' lang='lat' dir='ltr'><strong>ratio</strong></span> <span class='ocrx_word' id='word_1_102' title='bbox 453 747 540 785; x_wconf 85' lang='lat' dir='ltr'><strong>latet.</strong></span> <span class='ocrx_word' id='word_1_103' title='bbox 592 748 752 783; x_wconf 79' lang='lat' dir='ltr'><strong>Deductae</strong></span> <span class='ocrx_word' id='word_1_104' title='bbox 784 748 918 793; x_wconf 87' lang='lat' dir='ltr'><strong>ponitur</strong></span> <span class='ocrx_word' id='word_1_105' title='bbox 950 760 1008 794; x_wconf 93' lang='lat' dir='ltr'><strong>pro</strong></span> <span class='ocrx_word' id='word_1_106' title='bbox 1042 748 1241 783; x_wconf 80' lang='lat' dir='ltr'><strong>deducendae</strong></span> <span class='ocrx_word' id='word_1_107' title='bbox 1274 760 1337 783; x_wconf 87' lang='lat' dir='ltr'><strong>usu</strong></span> <span class='ocrx_word' id='word_1_108' title='bbox 1367 749 1472 794; x_wconf 87' lang='lat' dir='ltr'><strong>poetis</strong></span> <span class='ocrx_word' id='word_1_109' title='bbox 1504 748 1807 793; x_wconf 69' lang='lat' dir='ltr'><strong>frequentissimo.⁶</strong></span> <span class='ocrx_word' id='word_1_110' title='bbox 1783 751 1807 769; x_wconf 80' lang='lat'><strong>‘⁶</strong></span> 
     </span>
     <span class='ocr_line' id='line_1_15' title="bbox 229 791 1808 844; baseline 0.001 -15"><span class='ocrx_word' id='word_1_111' title='bbox 229 795 444 842; x_wconf 85' lang='lat' dir='ltr'><strong>Hertzbergus</strong></span> <span class='ocrx_word' id='word_1_112' title='bbox 470 796 605 844; x_wconf 89' lang='lat' dir='ltr'><strong>(quaest.</strong></span> <span class='ocrx_word' id='word_1_113' title='bbox 631 796 728 842; x_wconf 87' lang='lat' dir='ltr'><strong>Prop.</strong></span> <span class='ocrx_word' id='word_1_114' title='bbox 755 808 787 842; x_wconf 90' lang='lat' dir='ltr'><strong>p</strong></span> <span class='ocrx_word' id='word_1_115' title='bbox 812 796 912 843; x_wconf 76' lang='lat'><strong>12⁰.)</strong></span> <span class='ocrx_word' id='word_1_116' title='bbox 939 797 1025 831; x_wconf 83' lang='lat' dir='ltr'><strong>inter</strong></span> <span class='ocrx_word' id='word_1_117' title='bbox 1053 797 1195 842; x_wconf 84' lang='lat' dir='ltr'><strong>exempla</strong></span> <span class='ocrx_word' id='word_1_118' title='bbox 1221 798 1382 842; x_wconf 88' lang='lat' dir='ltr'><strong>participii</strong></span> <span class='ocrx_word' id='word_1_119' title='bbox 1409 796 1541 842; x_wconf 85' lang='lat' dir='ltr'><strong>perfecti</strong></span> <span class='ocrx_word' id='word_1_120' title='bbox 1567 809 1625 842; x_wconf 91' lang='lat' dir='ltr'><strong>pro</strong></span> <span class='ocrx_word' id='word_1_121' title='bbox 1651 791 1808 843; x_wconf 80' lang='lat' dir='ltr'><strong>gerundio</strong></span> 
     </span>
     <span class='ocr_line' id='line_1_16' title="bbox 230 843 1809 892; baseline 0.001 -14"><span class='ocrx_word' id='word_1_122' title='bbox 230 843 356 890; x_wconf 88' lang='lat' dir='ltr'><strong>[potius</strong></span> <span class='ocrx_word' id='word_1_123' title='bbox 383 845 578 892; x_wconf 84' lang='lat' dir='ltr'><strong>gerundivo]</strong></span> <span class='ocrx_word' id='word_1_124' title='bbox 605 845 705 892; x_wconf 88' lang='lat' dir='ltr'><strong>positi</strong></span> <span class='ocrx_word' id='word_1_125' title='bbox 731 846 826 880; x_wconf 88' lang='lat' dir='ltr'><strong>etiam</strong></span> <span class='ocrx_word' id='word_1_126' title='bbox 852 846 946 881; x_wconf 80' lang='lat' dir='ltr'><strong>verba</strong></span> <span class='ocrx_word' id='word_1_127' title='bbox 978 846 1159 881; x_wconf 88' lang='lat' dir='ltr'><strong>fallacia</strong></span> <span class='ocrx_word' id='word_1_128' title='bbox 1190 846 1397 880; x_wconf 85' lang='lat' dir='ltr'><strong>deductae</strong></span> <span class='ocrx_word' id='word_1_129' title='bbox 1430 845 1557 890; x_wconf 87' lang='lat' dir='ltr'><strong>lunae</strong></span> <span class='ocrx_word' id='word_1_130' title='bbox 1587 845 1680 880; x_wconf 81' lang='lat' dir='ltr'><strong>affert</strong></span> <span class='ocrx_word' id='word_1_131' title='bbox 1703 848 1809 880; x_wconf 84' lang='lat' dir='ltr'><strong>totum</strong></span> 
     </span>
     <span class='ocr_line' id='line_1_17' title="bbox 229 893 1808 939; baseline 0.001 -12"><span class='ocrx_word' id='word_1_132' title='bbox 229 904 258 927; x_wconf 81' lang='lat' dir='ltr'><strong>v,</strong></span> <span class='ocrx_word' id='word_1_133' title='bbox 285 893 341 929; x_wconf 87' lang='lat'><strong>19.</strong></span> <span class='ocrx_word' id='word_1_134' title='bbox 369 895 415 928; x_wconf 89' lang='lat' dir='ltr'><strong>sic</strong></span> <span class='ocrx_word' id='word_1_135' title='bbox 441 895 675 939; x_wconf 85' lang='lat' dir='ltr'><strong>interpretans:</strong></span> <span class='ocrx_word' id='word_1_136' title='bbox 710 906 873 939; x_wconf 81' lang='lat' dir='ltr'><strong>„quorum</strong></span> <span class='ocrx_word' id='word_1_137' title='bbox 899 895 1022 929; x_wconf 87' lang='lat' dir='ltr'><strong>fallacia</strong></span> <span class='ocrx_word' id='word_1_138' title='bbox 1056 896 1092 929; x_wconf 89' lang='lat' dir='ltr'><strong>in</strong></span> <span class='ocrx_word' id='word_1_139' title='bbox 1119 896 1196 929; x_wconf 90' lang='lat' dir='ltr'><strong>luna</strong></span> <span class='ocrx_word' id='word_1_140' title='bbox 1231 895 1410 929; x_wconf 88' lang='lat' dir='ltr'><strong>deducenda</strong></span> <span class='ocrx_word' id='word_1_141' title='bbox 1436 895 1498 929; x_wconf 89' lang='lat' dir='ltr'><strong>iam</strong></span> <span class='ocrx_word' id='word_1_142' title='bbox 1525 895 1652 939; x_wconf 86' lang='lat' dir='ltr'><strong>iamque</strong></span> <span class='ocrx_word' id='word_1_143' title='bbox 1677 894 1808 929; x_wconf 79' lang='lat' dir='ltr'><strong>deducta</strong></span> 
     </span>
     <span class='ocr_line' id='line_1_18' title="bbox 227 942 1807 1037; baseline 0.001 -13"><span class='ocrx_word' id='word_1_144' title='bbox 227 942 469 1036; x_wconf 42' lang='lat' dir='ltr'><strong>attinxit}</strong></span> <span class='ocrx_word' id='word_1_145' title='bbox 485 954 613 1026; x_wconf 47' lang='lat' dir='ltr'><strong>⁸315&amp;ss</strong></span> <span class='ocrx_word' id='word_1_146' title='bbox 621 943 822 1037; x_wconf 60' lang='lat' dir='ltr'>¹23ffl?</span> <span class='ocrx_word' id='word_1_147' title='bbox 848 942 1055 1026; x_wconf 45' lang='lat'><strong>3¹33?</strong></span> <span class='ocrx_word' id='word_1_148' title='bbox 1074 942 1807 1037; x_wconf 52' lang='lat' dir='ltr'><strong>532552‘1&#39;12‘225521{zttzzfflt&#39;sstsszm</strong></span> 
     </span>
     <span class='ocr_line' id='line_1_19' title="bbox 297 1017 1048 1035; baseline 0.001 -1"><span class='ocrx_word' id='word_1_149' title='bbox 297 1019 305 1027; x_wconf 81' lang='lat'><strong>·</strong></span> <span class='ocrx_word' id='word_1_150' title='bbox 813 1017 823 1034; x_wconf 64' lang='grc' dir='ltr'><strong>ι</strong></span> <span class='ocrx_word' id='word_1_151' title='bbox 1038 1017 1048 1035; x_wconf 77' lang='lat'><em>9</em></span> 
     </span>
     <span class='ocr_line' id='line_1_20' title="bbox 227 1040 1806 1087; baseline 0.001 -14"><span class='ocrx_word' id='word_1_152' title='bbox 227 1050 328 1083; x_wconf 87' lang='lat' dir='ltr'><strong>usque</strong></span> <span class='ocrx_word' id='word_1_153' title='bbox 354 1051 393 1073; x_wconf 86' lang='lat' dir='ltr'><strong>eo</strong></span> <span class='ocrx_word' id='word_1_154' title='bbox 416 1040 501 1074; x_wconf 85' lang='lat' dir='ltr'><strong>hun&#39;c</strong></span> <span class='ocrx_word' id='word_1_155' title='bbox 527 1040 630 1074; x_wconf 90' lang='lat' dir='ltr'><strong>locum</strong></span> <span class='ocrx_word' id='word_1_156' title='bbox 655 1041 848 1085; x_wconf 76' lang='lat' dir='ltr'><strong>desperavit,</strong></span> <span class='ocrx_word' id='word_1_157' title='bbox 874 1044 911 1074; x_wconf 87' lang='lat' dir='ltr'><strong>ut</strong></span> <span class='ocrx_word' id='word_1_158' title='bbox 936 1041 1155 1087; x_wconf 85' lang='lat' dir='ltr'><strong>corrigendam</strong></span> <span class='ocrx_word' id='word_1_159' title='bbox 1181 1041 1350 1075; x_wconf 87' lang='lat' dir='ltr'><strong>lectionem</strong></span> <span class='ocrx_word' id='word_1_160' title='bbox 1376 1043 1503 1075; x_wconf 85' lang='lat' dir='ltr'><strong>censeat</strong></span> <span class='ocrx_word' id='word_1_161' title='bbox 1528 1044 1560 1074; x_wconf 90' lang='lat' dir='ltr'><strong>et</strong></span> <span class='ocrx_word' id='word_1_162' title='bbox 1584 1052 1644 1086; x_wconf 88' lang='lat' dir='ltr'><strong>pro</strong></span> <span class='ocrx_word' id='word_1_163' title='bbox 1669 1040 1806 1075; x_wconf 83' lang='lat' dir='ltr'><strong>falla-</strong></span> 
     </span>
     <span class='ocr_line' id='line_1_21' title="bbox 227 1088 1805 1134; baseline 0.001 -13"><span class='ocrx_word' id='word_1_164' title='bbox 227 1088 289 1121; x_wconf 90' lang='lat' dir='ltr'><strong>cia</strong></span> <span class='ocrx_word' id='word_1_165' title='bbox 314 1088 377 1134; x_wconf 85' lang='lat' dir='ltr'><strong>legi</strong></span> <span class='ocrx_word' id='word_1_166' title='bbox 404 1088 570 1123; x_wconf 79' lang='lat' dir='ltr'><strong>fiducia</strong></span> <span class='ocrx_word' id='word_1_167' title='bbox 595 1089 695 1125; x_wconf 90' lang='lat' dir='ltr'><strong>malit.</strong></span> <span class='ocrx_word' id='word_1_168' title='bbox 747 1088 819 1123; x_wconf 88' lang='lat' dir='ltr'><strong>Non</strong></span> <span class='ocrx_word' id='word_1_169' title='bbox 847 1089 970 1132; x_wconf 85' lang='lat' dir='ltr'><strong>dubito,</strong></span> <span class='ocrx_word' id='word_1_170' title='bbox 998 1089 1075 1134; x_wconf 91' lang='lat' dir='ltr'><strong>quin</strong></span> <span class='ocrx_word' id='word_1_171' title='bbox 1104 1100 1216 1123; x_wconf 87' lang='lat' dir='ltr'><strong>omnes</strong></span> <span class='ocrx_word' id='word_1_172' title='bbox 1242 1089 1388 1131; x_wconf 83' lang='lat' dir='ltr'><strong>lectores,</strong></span> <span class='ocrx_word' id='word_1_173' title='bbox 1416 1089 1622 1133; x_wconf 78' lang='lat' dir='ltr'><strong>quantumvis</strong></span> <span class='ocrx_word' id='word_1_174' title='bbox 1640 1101 1705 1123; x_wconf 83' lang='lat' dir='ltr'><strong>una</strong></span> <span class='ocrx_word' id='word_1_175' title='bbox 1725 1089 1805 1122; x_wconf 72' lang='lat' dir='ltr'><strong>alte-</strong></span> 
     </span>
     <span class='ocr_line' id='line_1_22' title="bbox 226 1137 1806 1184; baseline 0.002 -14"><span class='ocrx_word' id='word_1_176' title='bbox 226 1148 301 1171; x_wconf 86' lang='lat' dir='ltr'><strong>rave</strong></span> <span class='ocrx_word' id='word_1_177' title='bbox 326 1138 591 1183; x_wconf 85' lang='lat' dir='ltr'><strong>interpretatione</strong></span> <span class='ocrx_word' id='word_1_178' title='bbox 608 1138 838 1183; x_wconf 80' lang='lat' dir='ltr'><strong>acquieverint,</strong></span> <span class='ocrx_word' id='word_1_179' title='bbox 864 1141 970 1172; x_wconf 88' lang='lat' dir='ltr'><strong>tamen</strong></span> <span class='ocrx_word' id='word_1_180' title='bbox 999 1139 1101 1184; x_wconf 83' lang='lat' dir='ltr'><strong>magis</strong></span> <span class='ocrx_word' id='word_1_181' title='bbox 1128 1138 1277 1172; x_wconf 83' lang='lat' dir='ltr'><strong>minusve</strong></span> <span class='ocrx_word' id='word_1_182' title='bbox 1302 1139 1339 1172; x_wconf 92' lang='lat' dir='ltr'><strong>ab</strong></span> <span class='ocrx_word' id='word_1_183' title='bbox 1366 1137 1513 1172; x_wconf 86' lang='lat' dir='ltr'><strong>hocloco</strong></span> <span class='ocrx_word' id='word_1_184' title='bbox 1535 1138 1725 1172; x_wconf 78' lang='lat' dir='ltr'><strong>recesserint</strong></span> <span class='ocrx_word' id='word_1_185' title='bbox 1737 1149 1806 1173; x_wconf 75' lang='lat' dir='ltr'><strong>non</strong></span> 
     </span>
     <span class='ocr_line' id='line_1_23' title="bbox 226 1185 1805 1232; baseline 0.002 -14"><span class='ocrx_word' id='word_1_186' title='bbox 226 1186 345 1221; x_wconf 86' lang='lat' dir='ltr'><strong>satiati.</strong></span> <span class='ocrx_word' id='word_1_187' title='bbox 396 1185 511 1221; x_wconf 81' lang='lat' dir='ltr'><strong>Liceat</strong></span> <span class='ocrx_word' id='word_1_188' title='bbox 531 1187 632 1231; x_wconf 85' lang='lat' dir='ltr'><strong>igitur</strong></span> <span class='ocrx_word' id='word_1_189' title='bbox 656 1186 749 1220; x_wconf 88' lang='lat' dir='ltr'><strong>nobis</strong></span> <span class='ocrx_word' id='word_1_190' title='bbox 776 1197 891 1220; x_wconf 87' lang='lat' dir='ltr'><strong>novam</strong></span> <span class='ocrx_word' id='word_1_191' title='bbox 917 1187 1095 1232; x_wconf 83' lang='lat' dir='ltr'><strong>explicandi</strong></span> <span class='ocrx_word' id='word_1_192' title='bbox 1129 1187 1214 1221; x_wconf 83' lang='lat' dir='ltr'><strong>viam</strong></span> <span class='ocrx_word' id='word_1_193' title='bbox 1247 1187 1368 1231; x_wconf 89' lang='lat' dir='ltr'><strong>aperire</strong></span> <span class='ocrx_word' id='word_1_194' title='bbox 1404 1189 1516 1221; x_wconf 88' lang='lat' dir='ltr'><strong>nostro</strong></span> <span class='ocrx_word' id='word_1_195' title='bbox 1551 1186 1669 1221; x_wconf 87' lang='lat' dir='ltr'><strong>iudicio</strong></span> <span class='ocrx_word' id='word_1_196' title='bbox 1703 1186 1805 1221; x_wconf 79' lang='lat' dir='ltr'><strong>multo</strong></span> 
     </span>
    </p>
   </div>
   <div class='ocr_carea' id='block_1_5' title="bbox 227 1234 1814 1281">
    <p class='ocr_par' dir='ltr' id='par_1_5' title="bbox 227 1234 1814 1281">
     <span class='ocr_line' id='line_1_24' title="bbox 227 1234 1814 1281; baseline 0.002 -15"><span class='ocrx_word' id='word_1_197' title='bbox 227 1234 463 1279; x_wconf 81' lang='lat' dir='ltr'><strong>expeditiorem.</strong></span> <span class='ocrx_word' id='word_1_198' title='bbox 517 1234 596 1269; x_wconf 85' lang='lat' dir='ltr'><strong>Cum</strong></span> <span class='ocrx_word' id='word_1_199' title='bbox 621 1235 813 1280; x_wconf 84' lang='lat' dir='ltr'><strong>interpretes</strong></span> <span class='ocrx_word' id='word_1_200' title='bbox 839 1234 889 1269; x_wconf 91' lang='lat' dir='ltr'><strong>illi</strong></span> <span class='ocrx_word' id='word_1_201' title='bbox 915 1236 1186 1278; x_wconf 86' lang='lat' dir='ltr'><strong>enuntiationem,</strong></span> <span class='ocrx_word' id='word_1_202' title='bbox 1214 1235 1251 1268; x_wconf 90' lang='lat' dir='ltr'><strong>de</strong></span> <span class='ocrx_word' id='word_1_203' title='bbox 1278 1247 1339 1280; x_wconf 87' lang='lat' dir='ltr'><strong>qua</strong></span> <span class='ocrx_word' id='word_1_204' title='bbox 1365 1235 1483 1281; x_wconf 84' lang='lat' dir='ltr'><strong>agitur,</strong></span> <span class='ocrx_word' id='word_1_205' title='bbox 1510 1235 1694 1281; x_wconf 82' lang='lat' dir='ltr'><strong>bipartitam</strong></span> <span class='ocrx_word' id='word_1_206' title='bbox 1720 1235 1814 1269; x_wconf 83' lang='lat' dir='ltr'><strong>iudi-¹</strong></span> 
     </span>
    </p>
   </div>
   <div class='ocr_carea' id='block_1_6' title="bbox 219 1284 1806 2306">
    <p class='ocr_par' dir='ltr' id='par_1_6' title="bbox 220 1284 1806 2150">
     <span class='ocr_line' id='line_1_25' title="bbox 226 1284 1806 1330; baseline 0.001 -14"><span class='ocrx_word' id='word_1_207' title='bbox 226 1286 345 1326; x_wconf 82' lang='lat' dir='ltr'><strong>carent,</strong></span> <span class='ocrx_word' id='word_1_208' title='bbox 373 1294 506 1328; x_wconf 86' lang='lat' dir='ltr'><strong>quarum</strong></span> <span class='ocrx_word' id='word_1_209' title='bbox 531 1285 670 1329; x_wconf 87' lang='lat' dir='ltr'><strong>partium</strong></span> <span class='ocrx_word' id='word_1_210' title='bbox 696 1284 825 1318; x_wconf 84' lang='lat' dir='ltr'><strong>nomina</strong></span> <span class='ocrx_word' id='word_1_211' title='bbox 851 1284 1062 1329; x_wconf 83' lang='lat' dir='ltr'><strong>praedicativa</strong></span> <span class='ocrx_word' id='word_1_212' title='bbox 1089 1287 1198 1319; x_wconf 85' lang='lat' dir='ltr'><strong>essent</strong></span> <span class='ocrx_word' id='word_1_213' title='bbox 1232 1284 1414 1318; x_wconf 81' lang='lat' dir='ltr'><strong>fallacia</strong></span> <span class='ocrx_word' id='word_1_214' title='bbox 1448 1284 1501 1329; x_wconf 90' lang='lat' dir='ltr'><strong>(L.</strong></span> <span class='ocrx_word' id='word_1_215' title='bbox 1529 1284 1648 1318; x_wconf 68' lang='lat' dir='ltr'><strong>Miller</strong></span> <span class='ocrx_word' id='word_1_216' title='bbox 1671 1284 1806 1330; x_wconf 74' lang='lat' dir='ltr'><strong>fiducia)</strong></span> 
     </span>
     <span class='ocr_line' id='line_1_26' title="bbox 226 1332 1805 1378; baseline 0.001 -13"><span class='ocrx_word' id='word_1_217' title='bbox 226 1335 256 1365; x_wconf 87' lang='lat' dir='ltr'><strong>et</strong></span> <span class='ocrx_word' id='word_1_218' title='bbox 282 1332 421 1375; x_wconf 88' lang='lat' dir='ltr'><strong>labor,</strong></span> <span class='ocrx_word' id='word_1_219' title='bbox 448 1345 509 1367; x_wconf 89' lang='lat' dir='ltr'><strong>nos</strong></span> <span class='ocrx_word' id='word_1_220' title='bbox 535 1345 636 1367; x_wconf 91' lang='lat' dir='ltr'><strong>unum</strong></span> <span class='ocrx_word' id='word_1_221' title='bbox 661 1336 787 1367; x_wconf 86' lang='lat' dir='ltr'><strong>tantum</strong></span> <span class='ocrx_word' id='word_1_222' title='bbox 812 1344 929 1367; x_wconf 89' lang='lat' dir='ltr'><strong>nomen</strong></span> <span class='ocrx_word' id='word_1_223' title='bbox 956 1333 1207 1378; x_wconf 87' lang='lat' dir='ltr'><strong>praedicativum</strong></span> <span class='ocrx_word' id='word_1_224' title='bbox 1226 1333 1399 1367; x_wconf 86' lang='lat' dir='ltr'><strong>statuimus</strong></span> <span class='ocrx_word' id='word_1_225' title='bbox 1420 1336 1451 1366; x_wconf 89' lang='lat' dir='ltr'><strong>et</strong></span> <span class='ocrx_word' id='word_1_226' title='bbox 1470 1333 1503 1367; x_wconf 92' lang='lat' dir='ltr'><strong>id</strong></span> <span class='ocrx_word' id='word_1_227' title='bbox 1523 1332 1649 1377; x_wconf 86' lang='lat' dir='ltr'><strong>quidem</strong></span> <span class='ocrx_word' id='word_1_228' title='bbox 1676 1333 1805 1375; x_wconf 80' lang='lat' dir='ltr'><strong>labor,</strong></span> 
     </span>
     <span class='ocr_line' id='line_1_27' title="bbox 226 1381 1803 1427; baseline 0.001 -13"><span class='ocrx_word' id='word_1_229' title='bbox 226 1381 276 1414; x_wconf 90' lang='lat' dir='ltr'><strong>cui</strong></span> <span class='ocrx_word' id='word_1_230' title='bbox 301 1381 439 1416; x_wconf 86' lang='lat' dir='ltr'><strong>subiecta</strong></span> <span class='ocrx_word' id='word_1_231' title='bbox 466 1386 544 1416; x_wconf 88' lang='lat' dir='ltr'><strong>sunt</strong></span> <span class='ocrx_word' id='word_1_232' title='bbox 569 1385 601 1416; x_wconf 89' lang='lat' dir='ltr'><strong>et</strong></span> <span class='ocrx_word' id='word_1_233' title='bbox 625 1382 803 1416; x_wconf 81' lang='lat' dir='ltr'><strong>fallacia</strong></span> <span class='ocrx_word' id='word_1_234' title='bbox 830 1384 860 1415; x_wconf 89' lang='lat' dir='ltr'><strong>et</strong></span> <span class='ocrx_word' id='word_1_235' title='bbox 885 1382 1016 1427; x_wconf 88' lang='lat' dir='ltr'><strong>piare.</strong></span> <span class='ocrx_word' id='word_1_236' title='bbox 1068 1381 1216 1427; x_wconf 82' lang='lat' dir='ltr'><strong>Emergit</strong></span> <span class='ocrx_word' id='word_1_237' title='bbox 1242 1382 1342 1427; x_wconf 83' lang='lat' dir='ltr'><strong>igitur</strong></span> <span class='ocrx_word' id='word_1_238' title='bbox 1367 1381 1418 1416; x_wconf 87' lang='lat' dir='ltr'><strong>hic</strong></span> <span class='ocrx_word' id='word_1_239' title='bbox 1444 1393 1580 1416; x_wconf 87' lang='lat' dir='ltr'><strong>sensus:</strong></span> <span class='ocrx_word' id='word_1_240' title='bbox 1615 1382 1722 1424; x_wconf 82' lang='lat' dir='ltr'><strong>„V,os</strong></span> <span class='ocrx_word' id='word_1_241' title='bbox 1749 1383 1803 1426; x_wconf 83' lang='lat' dir='ltr'><strong>qui</strong></span> 
     </span>
     <span class='ocr_line' id='line_1_28' title="bbox 226 1429 1803 1476; baseline 0.001 -14"><span class='ocrx_word' id='word_1_242' title='bbox 226 1429 376 1475; x_wconf 90' lang='lat' dir='ltr'><strong>laboratis</strong></span> <span class='ocrx_word' id='word_1_243' title='bbox 403 1432 438 1464; x_wconf 91' lang='lat' dir='ltr'><strong>in</strong></span> <span class='ocrx_word' id='word_1_244' title='bbox 464 1431 587 1465; x_wconf 83' lang='lat' dir='ltr'><strong>fallacia</strong></span> <span class='ocrx_word' id='word_1_245' title='bbox 613 1431 761 1465; x_wconf 83' lang='lat' dir='ltr'><strong>deductae</strong></span> <span class='ocrx_word' id='word_1_246' title='bbox 786 1430 879 1464; x_wconf 84' lang='lat' dir='ltr'><strong>lunae</strong></span> <span class='ocrx_word' id='word_1_247' title='bbox 905 1434 937 1464; x_wconf 90' lang='lat' dir='ltr'><strong>et</strong></span> <span class='ocrx_word' id='word_1_248' title='bbox 961 1431 997 1465; x_wconf 91' lang='lat' dir='ltr'><strong>in</strong></span> <span class='ocrx_word' id='word_1_249' title='bbox 1022 1433 1121 1466; x_wconf 87' lang='lat' dir='ltr'><strong>sacris</strong></span> <span class='ocrx_word' id='word_1_250' title='bbox 1147 1443 1244 1476; x_wconf 90' lang='lat' dir='ltr'><strong>super</strong></span> <span class='ocrx_word' id='word_1_251' title='bbox 1262 1431 1343 1465; x_wconf 82' lang='lat' dir='ltr'><strong>focis</strong></span> <span class='ocrx_word' id='word_1_252' title='bbox 1363 1431 1493 1476; x_wconf 87' lang='lat' dir='ltr'><strong>magicis</strong></span> <span class='ocrx_word' id='word_1_253' title='bbox 1523 1430 1690 1476; x_wconf 67' lang='lat' dir='ltr'><strong>piandisf‘</strong></span> <span class='ocrx_word' id='word_1_254' title='bbox 1722 1430 1803 1474; x_wconf 86' lang='lat' dir='ltr'><strong>Iam,</strong></span> 
     </span>
     <span class='ocr_line' id='line_1_29' title="bbox 226 1478 1804 1526; baseline 0.001 -15"><span class='ocrx_word' id='word_1_255' title='bbox 226 1478 302 1520; x_wconf 84' lang='lat' dir='ltr'><strong>quid</strong></span> <span class='ocrx_word' id='word_1_256' title='bbox 327 1478 372 1511; x_wconf 89' lang='lat' dir='ltr'><strong>sit</strong></span> <span class='ocrx_word' id='word_1_257' title='bbox 403 1479 526 1513; x_wconf 83' lang='lat' dir='ltr'><strong>fallacia</strong></span> <span class='ocrx_word' id='word_1_258' title='bbox 552 1480 700 1513; x_wconf 87' lang='lat' dir='ltr'><strong>deductae</strong></span> <span class='ocrx_word' id='word_1_259' title='bbox 726 1479 833 1522; x_wconf 75' lang='lat' dir='ltr'><strong>lunae,</strong></span> <span class='ocrx_word' id='word_1_260' title='bbox 859 1479 1034 1515; x_wconf 82' lang='lat' dir='ltr'><strong>videamus</strong></span> <span class='ocrx_word' id='word_1_261' title='bbox 1075 1480 1189 1526; x_wconf 83' lang='lat' dir='ltr'><strong>Magos</strong></span> <span class='ocrx_word' id='word_1_262' title='bbox 1216 1491 1374 1525; x_wconf 76' lang='lat' dir='ltr'><strong>sagasque.</strong></span> <span class='ocrx_word' id='word_1_263' title='bbox 1398 1479 1568 1513; x_wconf 83' lang='lat' dir='ltr'><strong>simulasse</strong></span> <span class='ocrx_word' id='word_1_264' title='bbox 1594 1490 1628 1512; x_wconf 90' lang='lat' dir='ltr'><strong>se</strong></span> <span class='ocrx_word' id='word_1_265' title='bbox 1654 1479 1804 1514; x_wconf 87' lang='lat' dir='ltr'><strong>deducere</strong></span> 
     </span>
     <span class='ocr_line' id='line_1_30' title="bbox 225 1527 1803 1573; baseline 0.001 -13"><span class='ocrx_word' id='word_1_266' title='bbox 225 1538 320 1571; x_wconf 89' lang='lat' dir='ltr'><strong>posse</strong></span> <span class='ocrx_word' id='word_1_267' title='bbox 346 1527 468 1571; x_wconf 89' lang='lat' dir='ltr'><strong>lunam,</strong></span> <span class='ocrx_word' id='word_1_268' title='bbox 495 1540 556 1572; x_wconf 87' lang='lat' dir='ltr'><strong>qua</strong></span> <span class='ocrx_word' id='word_1_269' title='bbox 581 1528 809 1563; x_wconf 86' lang='lat' dir='ltr'><strong>adiuvarentur</strong></span> <span class='ocrx_word' id='word_1_270' title='bbox 834 1528 868 1562; x_wconf 92' lang='lat' dir='ltr'><strong>in</strong></span> <span class='ocrx_word' id='word_1_271' title='bbox 895 1528 1098 1573; x_wconf 81' lang='lat' dir='ltr'><strong>perficiendis</strong></span> <span class='ocrx_word' id='word_1_272' title='bbox 1125 1529 1274 1573; x_wconf 86' lang='lat' dir='ltr'><strong>operibus</strong></span> <span class='ocrx_word' id='word_1_273' title='bbox 1295 1528 1364 1562; x_wconf 87' lang='lat' dir='ltr'><strong>suis</strong></span> <span class='ocrx_word' id='word_1_274' title='bbox 1387 1528 1568 1569; x_wconf 80' lang='lat' dir='ltr'><strong>nocturnis,</strong></span> <span class='ocrx_word' id='word_1_275' title='bbox 1595 1527 1803 1562; x_wconf 88' lang='lat' dir='ltr'><strong>notissimum</strong></span> 
     </span>
     <span class='ocr_line' id='line_1_31' title="bbox 225 1576 1802 1622; baseline 0.005 -14"><span class='ocrx_word' id='word_1_276' title='bbox 225 1578 284 1609; x_wconf 88' lang='lat' dir='ltr'><strong>est.</strong></span> <span class='ocrx_word' id='word_1_277' title='bbox 336 1576 406 1610; x_wconf 86' lang='lat' dir='ltr'><strong>Huc</strong></span> <span class='ocrx_word' id='word_1_278' title='bbox 431 1580 588 1621; x_wconf 86' lang='lat' dir='ltr'><strong>spectant,</strong></span> <span class='ocrx_word' id='word_1_279' title='bbox 615 1588 695 1621; x_wconf 89' lang='lat' dir='ltr'><strong>quos</strong></span> <span class='ocrx_word' id='word_1_280' title='bbox 721 1577 879 1619; x_wconf 85' lang='lat' dir='ltr'><strong>conferas,</strong></span> <span class='ocrx_word' id='word_1_281' title='bbox 905 1576 966 1611; x_wconf 91' lang='lat' dir='ltr'><strong>loci</strong></span> <span class='ocrx_word' id='word_1_282' title='bbox 992 1577 1119 1613; x_wconf 89' lang='lat' dir='ltr'><strong>Platon.</strong></span> <span class='ocrx_word' id='word_1_283' title='bbox 1149 1577 1302 1622; x_wconf 83' lang='lat' dir='ltr'><strong>Gorg.p</strong></span> <span class='ocrx_word' id='word_1_284' title='bbox 1282 1590 1313 1622; x_wconf 87' lang='lat' dir='ltr'><strong>p.</strong></span> <span class='ocrx_word' id='word_1_285' title='bbox 1342 1577 1475 1612; x_wconf 82' lang='grc' dir='ltr'><strong>513Α.</strong></span> <span class='ocrx_word' id='word_1_286' title='bbox 1508 1578 1564 1614; x_wconf 79' lang='grc' dir='ltr'><strong>τὰς</strong></span> <span class='ocrx_word' id='word_1_287' title='bbox 1592 1576 1650 1615; x_wconf 61' lang='lat'><strong>175²</strong></span> <span class='ocrx_word' id='word_1_288' title='bbox 1675 1577 1802 1617; x_wconf 64' lang='grc' dir='ltr'><em>σελήνην</em></span> 
     </span>
     <span class='ocr_line' id='line_1_32' title="bbox 222 1624 1800 1671; baseline 0.003 -16"><span class='ocrx_word' id='word_1_289' title='bbox 222 1627 437 1667; x_wconf 76' lang='grc' dir='ltr'>καθαιρούσας</span> <span class='ocrx_word' id='word_1_290' title='bbox 459 1626 513 1662; x_wconf 82' lang='grc' dir='ltr'><strong>τὰς</strong></span> <span class='ocrx_word' id='word_1_291' title='bbox 534 1624 735 1663; x_wconf 61' lang='lat' dir='ltr'><strong>&amp;erwaldus-</strong></span> <span class='ocrx_word' id='word_1_292' title='bbox 781 1626 861 1661; x_wconf 85' lang='lat' dir='ltr'><strong>Hor.</strong></span> <span class='ocrx_word' id='word_1_293' title='bbox 889 1626 979 1670; x_wconf 87' lang='lat' dir='ltr'><strong>epod.</strong></span> <span class='ocrx_word' id='word_1_294' title='bbox 1008 1626 1040 1664; x_wconf 88' lang='grc'>5</span> <span class='ocrx_word' id='word_1_295' title='bbox 1069 1625 1126 1662; x_wconf 81' lang='grc'><strong>46.</strong></span> <span class='ocrx_word' id='word_1_296' title='bbox 1155 1625 1211 1661; x_wconf 98' lang='lat'><strong>78.</strong></span> <span class='ocrx_word' id='word_1_297' title='bbox 1248 1627 1340 1671; x_wconf 81' lang='lat' dir='ltr'><strong>Verg.</strong></span> <span class='ocrx_word' id='word_1_298' title='bbox 1370 1625 1426 1661; x_wconf 88' lang='lat' dir='ltr'><strong>ecl.</strong></span> <span class='ocrx_word' id='word_1_299' title='bbox 1454 1625 1552 1668; x_wconf 87' lang='lat' dir='ltr'><strong>VIII,</strong></span> <span class='ocrx_word' id='word_1_300' title='bbox 1579 1624 1636 1661; x_wconf 90' lang='lat'><strong>69.</strong></span> <span class='ocrx_word' id='word_1_301' title='bbox 1672 1625 1743 1662; x_wconf 85' lang='lat' dir='ltr'><strong>Tib.</strong></span> <span class='ocrx_word' id='word_1_302' title='bbox 1770 1626 1800 1668; x_wconf 90' lang='grc' dir='ltr'><strong>Ι,</strong></span> 
     </span>
     <span class='ocr_line' id='line_1_33' title="bbox 224 1673 1798 1721; baseline -0.002 -10"><span class='ocrx_word' id='word_1_303' title='bbox 224 1675 258 1715; x_wconf 86' lang='grc'><strong>8.,</strong></span> <span class='ocrx_word' id='word_1_304' title='bbox 285 1675 342 1711; x_wconf 90' lang='lat'><strong>21.</strong></span> <span class='ocrx_word' id='word_1_305' title='bbox 395 1674 490 1721; x_wconf 87' lang='lat' dir='ltr'><strong>Prop.</strong></span> <span class='ocrx_word' id='word_1_306' title='bbox 520 1674 586 1718; x_wconf 91' lang='grc' dir='ltr'>ΙΙΙ,</span> <span class='ocrx_word' id='word_1_307' title='bbox 621 1674 680 1716; x_wconf 82' lang='grc'>28,</span> <span class='ocrx_word' id='word_1_308' title='bbox 707 1674 763 1712; x_wconf 91' lang='lat'><strong>37.</strong></span> <span class='ocrx_word' id='word_1_309' title='bbox 801 1674 841 1718; x_wconf 86' lang='lat' dir='ltr'><strong>V,</strong></span> <span class='ocrx_word' id='word_1_310' title='bbox 868 1674 987 1717; x_wconf 88' lang='lat'><strong>5,13.</strong></span> <span class='ocrx_word' id='word_1_311' title='bbox 1032 1674 1127 1711; x_wconf 79' lang='lat' dir='ltr'><strong>ovid.</strong></span> <span class='ocrx_word' id='word_1_312' title='bbox 1164 1675 1229 1712; x_wconf 87' lang='lat' dir='ltr'><strong>her</strong></span> <span class='ocrx_word' id='word_1_313' title='bbox 1269 1675 1329 1717; x_wconf 86' lang='lat' dir='ltr'><strong>VI,</strong></span> <span class='ocrx_word' id='word_1_314' title='bbox 1362 1674 1420 1711; x_wconf 88' lang='lat'><strong>85.</strong></span> <span class='ocrx_word' id='word_1_315' title='bbox 1465 1686 1562 1711; x_wconf 90' lang='lat' dir='ltr'><strong>amor.</strong></span> <span class='ocrx_word' id='word_1_316' title='bbox 1597 1673 1645 1717; x_wconf 88' lang='grc' dir='ltr'><strong>ΙΙ,</strong></span> <span class='ocrx_word' id='word_1_317' title='bbox 1681 1675 1713 1715; x_wconf 87' lang='grc'><strong>1,</strong></span> <span class='ocrx_word' id='word_1_318' title='bbox 1740 1674 1798 1712; x_wconf 86' lang='grc'><strong>23</strong></span> 
     </span>
     <span class='ocr_line' id='line_1_34' title="bbox 224 1700 1798 1767; baseline 0.001 -8"><span class='ocrx_word' id='word_1_319' title='bbox 224 1725 258 1766; x_wconf 80' lang='grc'>5,</span> <span class='ocrx_word' id='word_1_320' title='bbox 285 1724 342 1759; x_wconf 91' lang='grc'><strong>38.</strong></span> <span class='ocrx_word' id='word_1_321' title='bbox 378 1728 502 1758; x_wconf 89' lang='lat' dir='ltr'><strong>metam.</strong></span> <span class='ocrx_word' id='word_1_322' title='bbox 530 1724 608 1766; x_wconf 91' lang='lat' dir='ltr'><strong>VII,</strong></span> <span class='ocrx_word' id='word_1_323' title='bbox 642 1724 723 1760; x_wconf 83' lang='lat'><strong>207.</strong></span> <span class='ocrx_word' id='word_1_324' title='bbox 758 1724 840 1767; x_wconf 87' lang='grc' dir='ltr'>ΧΙΙ,</span> <span class='ocrx_word' id='word_1_325' title='bbox 872 1723 953 1761; x_wconf 82' lang='lat'><strong>263.</strong></span> <span class='ocrx_word' id='word_1_326' title='bbox 990 1724 1120 1761; x_wconf 87' lang='lat' dir='ltr'><strong>Petron.</strong></span> <span class='ocrx_word' id='word_1_327' title='bbox 1158 1725 1226 1760; x_wconf 89' lang='lat'><strong>129</strong></span> <span class='ocrx_word' id='word_1_328' title='bbox 1261 1726 1319 1759; x_wconf 85' lang='lat' dir='ltr'><strong>sub</strong></span> <span class='ocrx_word' id='word_1_329' title='bbox 1353 1725 1411 1760; x_wconf 90' lang='lat' dir='ltr'><strong>fin.</strong></span> <span class='ocrx_word' id='word_1_330' title='bbox 1446 1724 1540 1760; x_wconf 77' lang='lat' dir='ltr'><strong>Mart.</strong></span> <span class='ocrx_word' id='word_1_331' title='bbox 1577 1723 1639 1765; x_wconf 84' lang='lat' dir='ltr'><strong>lx,</strong></span> <span class='ocrx_word' id='word_1_332' title='bbox 1673 1700 1733 1766; x_wconf 82' lang='lat'><strong>29,</strong></span> <span class='ocrx_word' id='word_1_333' title='bbox 1764 1723 1798 1760; x_wconf 88' lang='lat'><strong>9.</strong></span> 
     </span>
     <span class='ocr_line' id='line_1_35' title="bbox 223 1749 1799 1819; baseline 0 -12"><span class='ocrx_word' id='word_1_334' title='bbox 223 1774 285 1808; x_wconf 91' lang='lat' dir='ltr'><strong>Sed</strong></span> <span class='ocrx_word' id='word_1_335' title='bbox 312 1785 381 1808; x_wconf 87' lang='lat' dir='ltr'><strong>cum</strong></span> <span class='ocrx_word' id='word_1_336' title='bbox 406 1773 552 1807; x_wconf 80' lang='lat' dir='ltr'><strong>videlicet</strong></span> <span class='ocrx_word' id='word_1_337' title='bbox 577 1772 723 1807; x_wconf 85' lang='lat' dir='ltr'><strong>homines</strong></span> <span class='ocrx_word' id='word_1_338' title='bbox 750 1773 807 1807; x_wconf 83' lang='lat' dir='ltr'><strong>isti</strong></span> <span class='ocrx_word' id='word_1_339' title='bbox 833 1784 879 1816; x_wconf 81' lang='lat' dir='ltr'><strong>ea,</strong></span> <span class='ocrx_word' id='word_1_340' title='bbox 907 1785 986 1818; x_wconf 84' lang='lat' dir='ltr'><strong>quae</strong></span> <span class='ocrx_word' id='word_1_341' title='bbox 1011 1774 1256 1819; x_wconf 84' lang='lat' dir='ltr'><strong>promittebant,</strong></span> <span class='ocrx_word' id='word_1_342' title='bbox 1289 1784 1518 1818; x_wconf 85' lang='lat' dir='ltr'><strong>saepenumero</strong></span> <span class='ocrx_word' id='word_1_343' title='bbox 1544 1749 1704 1818; x_wconf 51' lang='lat' dir='ltr'><strong>pi&#39;bestare</strong></span> <span class='ocrx_word' id='word_1_344' title='bbox 1730 1784 1799 1808; x_wconf 88' lang='lat' dir='ltr'><strong>non</strong></span> 
     </span>
     <span class='ocr_line' id='line_1_36' title="bbox 222 1821 1798 1877; baseline 0 -21"><span class='ocrx_word' id='word_1_345' title='bbox 222 1826 367 1868; x_wconf 87' lang='lat' dir='ltr'><strong>possent,</strong></span> <span class='ocrx_word' id='word_1_346' title='bbox 401 1834 453 1856; x_wconf 91' lang='lat' dir='ltr'><strong>ars</strong></span> <span class='ocrx_word' id='word_1_347' title='bbox 487 1833 595 1856; x_wconf 89' lang='lat' dir='ltr'><strong>eorum</strong></span> <span class='ocrx_word' id='word_1_348' title='bbox 628 1822 711 1867; x_wconf 87' lang='lat' dir='ltr'><strong>apud</strong></span> <span class='ocrx_word' id='word_1_349' title='bbox 745 1822 890 1856; x_wconf 86' lang='lat' dir='ltr'><strong>homines</strong></span> <span class='ocrx_word' id='word_1_350' title='bbox 925 1823 1138 1868; x_wconf 85' lang='lat' dir='ltr'><strong>sapientiores</strong></span> <span class='ocrx_word' id='word_1_351' title='bbox 1174 1835 1255 1866; x_wconf 89' lang='lat' dir='ltr'><strong>eam,</strong></span> <span class='ocrx_word' id='word_1_352' title='bbox 1291 1834 1351 1867; x_wconf 89' lang='lat' dir='ltr'><strong>qua</strong></span> <span class='ocrx_word' id='word_1_353' title='bbox 1387 1822 1471 1868; x_wconf 86' lang='lat' dir='ltr'><strong>apud</strong></span> <span class='ocrx_word' id='word_1_354' title='bbox 1496 1821 1612 1877; x_wconf 69' lang='lat' dir='ltr'><strong>vulgus</strong></span> <span class='ocrx_word' id='word_1_355' title='bbox 1639 1822 1798 1866; x_wconf 77' lang='lat' dir='ltr'><strong>utebatur,</strong></span> 
     </span>
     <span class='ocr_line' id='line_1_37' title="bbox 224 1870 1798 1917; baseline 0 -13"><span class='ocrx_word' id='word_1_356' title='bbox 224 1871 317 1905; x_wconf 86' lang='lat' dir='ltr'><strong>fidem</strong></span> <span class='ocrx_word' id='word_1_357' title='bbox 343 1871 452 1904; x_wconf 87' lang='lat' dir='ltr'><strong>amisit</strong></span> <span class='ocrx_word' id='word_1_358' title='bbox 485 1873 516 1904; x_wconf 89' lang='lat' dir='ltr'><strong>et</strong></span> <span class='ocrx_word' id='word_1_359' title='bbox 542 1870 636 1904; x_wconf 83' lang='lat' dir='ltr'><strong>fallax</strong></span> <span class='ocrx_word' id='word_1_360' title='bbox 669 1870 773 1904; x_wconf 89' lang='lat' dir='ltr'><strong>habita</strong></span> <span class='ocrx_word' id='word_1_361' title='bbox 809 1874 866 1906; x_wconf 80' lang='lat' dir='ltr'><strong>est.</strong></span> <span class='ocrx_word' id='word_1_362' title='bbox 920 1871 1130 1915; x_wconf 73' lang='lat' dir='ltr'><strong>Quamobrem</strong></span> <span class='ocrx_word' id='word_1_363' title='bbox 1156 1872 1220 1917; x_wconf 89' lang='lat' dir='ltr'><strong>ipsi</strong></span> <span class='ocrx_word' id='word_1_364' title='bbox 1254 1872 1360 1912; x_wconf 88' lang='lat' dir='ltr'><strong>lunae,</strong></span> <span class='ocrx_word' id='word_1_365' title='bbox 1395 1871 1484 1905; x_wconf 81' lang='lat' dir='ltr'><strong>cuius</strong></span> <span class='ocrx_word' id='word_1_366' title='bbox 1518 1871 1652 1904; x_wconf 84' lang='lat' dir='ltr'><strong>maxime</strong></span> <span class='ocrx_word' id='word_1_367' title='bbox 1678 1871 1798 1905; x_wconf 84' lang='lat' dir='ltr'><strong>auxilio</strong></span> 
     </span>
     <span class='ocr_line' id='line_1_38' title="bbox 222 1918 1798 1965; baseline 0 -12"><span class='ocrx_word' id='word_1_368' title='bbox 222 1930 256 1953; x_wconf 85' lang='lat' dir='ltr'><strong>se</strong></span> <span class='ocrx_word' id='word_1_369' title='bbox 289 1922 389 1953; x_wconf 84' lang='lat' dir='ltr'><strong>artem</strong></span> <span class='ocrx_word' id='word_1_370' title='bbox 424 1931 513 1953; x_wconf 86' lang='lat' dir='ltr'><strong>suam</strong></span> <span class='ocrx_word' id='word_1_371' title='bbox 548 1930 686 1952; x_wconf 86' lang='lat' dir='ltr'><strong>exercere</strong></span> <span class='ocrx_word' id='word_1_372' title='bbox 727 1919 811 1965; x_wconf 84' lang='lat' dir='ltr'><strong>magi</strong></span> <span class='ocrx_word' id='word_1_373' title='bbox 847 1919 1051 1961; x_wconf 85' lang='lat' dir='ltr'><strong>simulabant,</strong></span> <span class='ocrx_word' id='word_1_374' title='bbox 1088 1920 1147 1954; x_wconf 87' lang='lat' dir='ltr'><strong>hoc</strong></span> <span class='ocrx_word' id='word_1_375' title='bbox 1180 1920 1247 1954; x_wconf 90' lang='lat' dir='ltr'><strong>loco</strong></span> <span class='ocrx_word' id='word_1_376' title='bbox 1280 1931 1296 1953; x_wconf 91' lang='lat' dir='ltr'><strong>a</strong></span> <span class='ocrx_word' id='word_1_377' title='bbox 1329 1923 1442 1953; x_wconf 87' lang='lat' dir='ltr'><strong>nostro</strong></span> <span class='ocrx_word' id='word_1_378' title='bbox 1477 1918 1601 1953; x_wconf 78' lang='lat' dir='ltr'><strong>fallacia</strong></span> <span class='ocrx_word' id='word_1_379' title='bbox 1634 1919 1798 1958; x_wconf 77' lang='lat' dir='ltr'><strong>tribuitur,</strong></span> 
     </span>
     <span class='ocr_line' id='line_1_39' title="bbox 220 1967 1799 2014; baseline 0 -12"><span class='ocrx_word' id='word_1_380' title='bbox 220 1967 329 2012; x_wconf 87' lang='lat' dir='ltr'><strong>Neque</strong></span> <span class='ocrx_word' id='word_1_381' title='bbox 352 1980 436 2002; x_wconf 88' lang='lat' dir='ltr'><strong>nunc</strong></span> <span class='ocrx_word' id='word_1_382' title='bbox 463 1968 664 2002; x_wconf 87' lang='lat' dir='ltr'><strong>deductae</strong></span> <span class='ocrx_word' id='word_1_383' title='bbox 689 1979 745 2012; x_wconf 90' lang='lat' dir='ltr'><strong>per</strong></span> <span class='ocrx_word' id='word_1_384' title='bbox 771 1968 1038 2002; x_wconf 87' lang='lat' dir='ltr'><strong>deducendae</strong></span> <span class='ocrx_word' id='word_1_385' title='bbox 1064 1969 1272 2014; x_wconf 87' lang='lat' dir='ltr'><strong>interpretari</strong></span> <span class='ocrx_word' id='word_1_386' title='bbox 1308 1980 1388 2013; x_wconf 87' lang='lat' dir='ltr'><strong>opus</strong></span> <span class='ocrx_word' id='word_1_387' title='bbox 1415 1971 1484 2012; x_wconf 82' lang='lat' dir='ltr'><strong>est3</strong></span> <span class='ocrx_word' id='word_1_388' title='bbox 1519 1968 1640 2001; x_wconf 87' lang='lat' dir='ltr'><strong>iustum</strong></span> <span class='ocrx_word' id='word_1_389' title='bbox 1666 1978 1799 2002; x_wconf 86' lang='lat' dir='ltr'><strong>sensum</strong></span> 
     </span>
     <span class='ocr_line' id='line_1_40' title="bbox 221 2015 1799 2062; baseline -0.001 -11"><span class='ocrx_word' id='word_1_390' title='bbox 221 2016 358 2058; x_wconf 85' lang='lat' dir='ltr'><strong>habebis,</strong></span> <span class='ocrx_word' id='word_1_391' title='bbox 385 2016 413 2050; x_wconf 88' lang='lat' dir='ltr'><strong>si</strong></span> <span class='ocrx_word' id='word_1_392' title='bbox 439 2017 477 2050; x_wconf 90' lang='lat' dir='ltr'><strong>ad</strong></span> <span class='ocrx_word' id='word_1_393' title='bbox 503 2017 630 2050; x_wconf 89' lang='lat' dir='ltr'><strong>verbum</strong></span> <span class='ocrx_word' id='word_1_394' title='bbox 656 2016 885 2062; x_wconf 89' lang='lat' dir='ltr'><strong>interpretatus</strong></span> <span class='ocrx_word' id='word_1_395' title='bbox 912 2017 985 2052; x_wconf 83' lang='lat' dir='ltr'><strong>eris,</strong></span> <span class='ocrx_word' id='word_1_396' title='bbox 1038 2016 1116 2061; x_wconf 84' lang='lat' dir='ltr'><strong>(lhr</strong></span> <span class='ocrx_word' id='word_1_397' title='bbox 1145 2016 1275 2062; x_wconf 88' lang='lat' dir='ltr'><strong>jedoch,</strong></span> <span class='ocrx_word' id='word_1_398' title='bbox 1311 2017 1361 2050; x_wconf 89' lang='lat' dir='ltr'><strong>die</strong></span> <span class='ocrx_word' id='word_1_399' title='bbox 1396 2016 1448 2050; x_wconf 87' lang='lat' dir='ltr'><strong>ihr</strong></span> <span class='ocrx_word' id='word_1_400' title='bbox 1479 2015 1556 2050; x_wconf 82' lang='lat' dir='ltr'><strong>euch</strong></span> <span class='ocrx_word' id='word_1_401' title='bbox 1582 2015 1714 2050; x_wconf 80' lang='lat' dir='ltr'><strong>abmiilit</strong></span> <span class='ocrx_word' id='word_1_402' title='bbox 1740 2017 1799 2050; x_wconf 87' lang='lat' dir='ltr'><strong>mit</strong></span> 
     </span>
     <span class='ocr_line' id='line_1_41' title="bbox 221 2064 1795 2111; baseline -0.001 -12"><span class='ocrx_word' id='word_1_403' title='bbox 221 2066 276 2099; x_wconf 83' lang='lat' dir='ltr'><strong>der</strong></span> <span class='ocrx_word' id='word_1_404' title='bbox 301 2064 507 2111; x_wconf 77' lang='lat' dir='ltr'><strong>triiglichkeit</strong></span> <span class='ocrx_word' id='word_1_405' title='bbox 533 2065 587 2098; x_wconf 89' lang='lat' dir='ltr'><strong>des</strong></span> <span class='ocrx_word' id='word_1_406' title='bbox 613 2065 887 2110; x_wconf 81' lang='lat' dir='ltr'><strong>herabgezogenen</strong></span> <span class='ocrx_word' id='word_1_407' title='bbox 912 2065 1044 2099; x_wconf 84' lang='lat' dir='ltr'><strong>mondes</strong></span> <span class='ocrx_word' id='word_1_408' title='bbox 1070 2065 1138 2099; x_wconf 89' lang='lat' dir='ltr'><strong>und</strong></span> <span class='ocrx_word' id='word_1_409' title='bbox 1165 2066 1264 2099; x_wconf 87' lang='lat' dir='ltr'><strong>damit</strong></span> <span class='ocrx_word' id='word_1_410' title='bbox 1298 2064 1354 2099; x_wconf 80' lang='lat' dir='ltr'><strong>auf</strong></span> <span class='ocrx_word' id='word_1_411' title='bbox 1382 2064 1614 2099; x_wconf 85' lang='lat' dir='ltr'><strong>zauberherden</strong></span> <span class='ocrx_word' id='word_1_412' title='bbox 1642 2064 1732 2110; x_wconf 87' lang='lat' dir='ltr'><strong>opfer</strong></span> <span class='ocrx_word' id='word_1_413' title='bbox 1757 2076 1795 2099; x_wconf 90' lang='lat' dir='ltr'><strong>zu</strong></span> 
     </span>
     <span class='ocr_line' id='line_1_42' title="bbox 220 2114 371 2150; baseline 0.013 -2"><span class='ocrx_word' id='word_1_414' title='bbox 220 2114 297 2148; x_wconf 83' lang='lat' dir='ltr'><strong>beili</strong></span> <span class='ocrx_word' id='word_1_415' title='bbox 322 2126 371 2150; x_wconf 88' lang='lat' dir='ltr'><strong>en.</strong></span> 
     </span>
    </p>

    <p class='ocr_par' dir='ltr' id='par_1_7' title="bbox 219 2116 1796 2306">
     <span class='ocr_line' id='line_1_43' title="bbox 300 2116 1795 2208; baseline -0.001 -10"><span class='ocrx_word' id='word_1_416' title='bbox 300 2127 320 2160; x_wconf 72' lang='lat' dir='ltr'>g</span> <span class='ocrx_word' id='word_1_417' title='bbox 343 2116 399 2205; x_wconf 60' lang='grc' dir='ltr'><strong>ΑΙ,</strong></span> <span class='ocrx_word' id='word_1_418' title='bbox 425 2162 508 2197; x_wconf 86' lang='lat' dir='ltr'><strong>dicat-</strong></span> <span class='ocrx_word' id='word_1_419' title='bbox 534 2162 705 2208; x_wconf 84' lang='lat' dir='ltr'><strong>quispiam,</strong></span> <span class='ocrx_word' id='word_1_420' title='bbox 732 2163 885 2196; x_wconf 87' lang='lat' dir='ltr'><strong>inusitata</strong></span> <span class='ocrx_word' id='word_1_421' title='bbox 910 2163 1079 2197; x_wconf 82' lang='lat' dir='ltr'><strong>verborum</strong></span> <span class='ocrx_word' id='word_1_422' title='bbox 1105 2166 1275 2199; x_wconf 86' lang='lat' dir='ltr'><strong>structura.</strong></span> <span class='ocrx_word' id='word_1_423' title='bbox 1315 2163 1359 2197; x_wconf 89' lang='lat' dir='ltr'><strong>Et</strong></span> <span class='ocrx_word' id='word_1_424' title='bbox 1385 2166 1435 2196; x_wconf 85' lang='lat' dir='ltr'><strong>est</strong></span> <span class='ocrx_word' id='word_1_425' title='bbox 1460 2163 1628 2205; x_wconf 80' lang='lat' dir='ltr'><strong>inusitata,</strong></span> <span class='ocrx_word' id='word_1_426' title='bbox 1655 2163 1709 2196; x_wconf 88' lang='lat' dir='ltr'><strong>sed</strong></span> <span class='ocrx_word' id='word_1_427' title='bbox 1729 2174 1795 2196; x_wconf 90' lang='lat' dir='ltr'><strong>non</strong></span> 
     </span>
     <span class='ocr_line' id='line_1_44' title="bbox 220 2211 1796 2258; baseline -0.003 -12"><span class='ocrx_word' id='word_1_428' title='bbox 220 2215 343 2249; x_wconf 82' lang='lat' dir='ltr'><strong>nostro.</strong></span> <span class='ocrx_word' id='word_1_429' title='bbox 406 2211 593 2246; x_wconf 78' lang='lat' dir='ltr'><strong>Infinitlvos</strong></span> <span class='ocrx_word' id='word_1_430' title='bbox 628 2212 713 2245; x_wconf 82' lang='lat' dir='ltr'><strong>enim</strong></span> <span class='ocrx_word' id='word_1_431' title='bbox 746 2215 777 2245; x_wconf 80' lang='lat' dir='ltr'><strong>el</strong></span> <span class='ocrx_word' id='word_1_432' title='bbox 811 2212 1031 2246; x_wconf 80' lang='lat' dir='ltr'><strong>substantivos</strong></span> <span class='ocrx_word' id='word_1_433' title='bbox 1057 2212 1089 2242; x_wconf 82' lang='grc' dir='ltr'><strong>ἐκ</strong></span> <span class='ocrx_word' id='word_1_434' title='bbox 1118 2212 1319 2252; x_wconf 78' lang='grc' dir='ltr'><strong><em>παραλλήλου</em></strong></span> <span class='ocrx_word' id='word_1_435' title='bbox 1353 2212 1432 2258; x_wconf 84' lang='lat' dir='ltr'><strong>poni</strong></span> <span class='ocrx_word' id='word_1_436' title='bbox 1465 2212 1585 2256; x_wconf 83' lang='lat' dir='ltr'><strong>unique</strong></span> <span class='ocrx_word' id='word_1_437' title='bbox 1619 2212 1796 2257; x_wconf 68' lang='lat' dir='ltr'><strong>praedicato</strong></span> 
     </span>
     <span class='ocr_line' id='line_1_45' title="bbox 219 2259 1121 2306; baseline 0.001 -11"><span class='ocrx_word' id='word_1_438' title='bbox 219 2262 349 2306; x_wconf 84' lang='lat' dir='ltr'><strong>adiungi</strong></span> <span class='ocrx_word' id='word_1_439' title='bbox 377 2273 412 2294; x_wconf 80' lang='lat' dir='ltr'><strong>ex</strong></span> <span class='ocrx_word' id='word_1_440' title='bbox 440 2261 490 2294; x_wconf 84' lang='lat' dir='ltr'><strong>his</strong></span> <span class='ocrx_word' id='word_1_441' title='bbox 517 2261 621 2305; x_wconf 88' lang='lat' dir='ltr'><strong>ipsius</strong></span> <span class='ocrx_word' id='word_1_442' title='bbox 648 2259 808 2305; x_wconf 90' lang='lat' dir='ltr'><strong>Propertii</strong></span> <span class='ocrx_word' id='word_1_443' title='bbox 834 2260 913 2294; x_wconf 87' lang='lat' dir='ltr'><strong>locis</strong></span> <span class='ocrx_word' id='word_1_444' title='bbox 940 2271 1121 2305; x_wconf 80' lang='lat' dir='ltr'><strong>cognosces.</strong></span> 
     </span>
    </p>
   </div>
   <div class='ocr_carea' id='block_1_7' title="bbox 1994 0 2118 193">
    <p class='ocr_par' dir='ltr' id='par_1_8' title="bbox 1994 0 2118 193">
     <span class='ocr_line' id='line_1_46' title="bbox 1994 0 2118 193; baseline 0 2505"><span class='ocrx_word' id='word_1_445' title='bbox 1994 0 2118 193; x_wconf 95' lang='lat' dir='ltr'><strong> </strong></span> 
     </span>
    </p>
   </div>
  </div>
 </body>
</html>
