2118 2698
1057 152 1097 182 34

407 249 461 284 17.
502 249 1306 296 DistichilV,1,11.12.haecsuitspecies
1332 252 1504 296 primaria:

648 298 692 333 Et
718 310 839 334 mecum
866 299 901 334 in
928 310 1023 334 curru
1048 299 1141 346 parvi
1167 303 1335 335 vectantur
1360 299 1509 343 Amores,

698 348 963 393 Scriptorumque
989 351 1097 382 meat
1123 350 1214 383 turba
1240 352 1346 382 secuta
1372 352 1471 385 rotas

406 395 461 432 18.
502 395 563 437 IV.
591 396 626 439 5,
653 395 686 432 8.
724 396 845 430 codices
879 396 917 432 N.
954 399 985 429 et
1020 397 1075 438 D..
1110 398 1166 440 qui
1202 400 1311 430 caute
1345 408 1403 441 pro
1438 398 1543 431 cauti
1579 391 1708 440 habent,
1739 408 1869 431 manum

280 444 443 489 Propertii
470 448 650 480 servarunt.

406 492 462 528 19.
502 492 563 534 IV,
601 493 658 534 12,
693 494 750 528 25.
787 497 912 527 tantum
946 494 1051 533 abest.
1090 497 1127 527 ut
1165 494 1368 539 Propertium
1404 493 1610 529 balbutientis
1645 495 1871 540 panegyristae

282 541 461 577 Tibulliani
488 542 583 577 verba
610 542 801 577 Ciconum
828 554 964 577 manus
992 541 1081 587 (Tib.
1110 542 1171 583 lv.
1202 545 1234 583 1,
1261 541 1336 589 54.)
1364 542 1519 587 repetisse
1545 543 1678 588 credam,
1705 546 1754 586 ut,
1785 543 1871 587 quod

282 592 319 624 in
345 591 506 625 codicibus
533 591 653 636 legitur
680 592 883 626 Ciconum
911 602 1009 633 mons,
1041 591 1205 625 levissime
1232 604 1247 624 e
1273 603 1384 625 mors
1411 590 1491 624 mihi
1511 595 1697 637 corruptum
1715 592 1871 627 videatur.

282 639 386 673 Versu
422 639 481 673 28.
516 640 727 674 durissimum
761 651 861 685 genus
892 641 1015 673 dicendi
1049 640 1248 674 alternas
1284 640 1426 673 scissa
1465 639 1707 683 Charybdis
1741 652 1870 684 aquas

281 688 451 733 aptissime
477 692 680 723 removeatur
703 689 886 723 scribendo:

651 737 819 780 Scyllaque
845 741 873 770 el
902 738 1110 771 alternans
1137 738 1236 771 scissa
1264 737 1439 780 Charybdis
1466 748 1575 781 aquas.

405 787 465 822 20.
505 787 566 826 lv,
597 787 653 827 13,
684 785 838 821 15-24,
865 786 1054 832 interpolati
1082 790 1171 822 sunt.

405 837 463 872 21.
505 837 567 870 Sex
593 837 719 881 priores
746 848 859 869 versus
886 836 1004 881 elegiae
1031 836 1091 877 IV,
1121 836 1176 871 18.
1203 836 1249 870 sic
1275 835 1467 880 disponendi
1495 838 1589 870 sunt:

651 884 788 917 Clausus
815 885 852 917 ab
878 885 1028 918 umbroso
1055 896 1116 927 qua
1145 885 1226 919 ludit
1255 887 1373 929 pontus
1401 884 1532 917 Averno

698 931 742 965 Et
768 936 863 966 sonat
890 932 1046 972 Herculeo
1073 936 1194 967 structa
1221 933 1324 966 labore
1350 932 1415 972 via,

650 981 724 1018 Hic.
751 981 818 1018 ubi.
844 981 992 1014 mortalis
1020 982 1127 1014 dextra
1154 993 1223 1015 cum
1250 983 1413 1023 quaereret
1440 982 1544 1017 urbes.

699 1029 850 1072 Cymbala
876 1029 1028 1064 Thebano
1055 1041 1265 1075 concrepuere
1291 1029 1361 1070 deo,

650 1077 718 1122 Qua
745 1079 825 1112 iacet
851 1082 882 1112 et
908 1078 1023 1112 Troiae
1049 1079 1179 1113 tubicen
1206 1078 1351 1112 Misenus
1379 1078 1512 1112 harena:

698 1127 836 1161 Fumida
861 1127 1014 1162 Baiarum
1041 1131 1156 1173 stagna
1182 1127 1324 1173 tepentis
1351 1138 1458 1171 aquae.

404 1178 467 1211 His
494 1190 524 1211 v.
552 1178 584 1213 7.
614 1178 658 1211 ita
684 1177 907 1222 adiungendus
934 1180 1001 1211 est:

648 1230 674 1262 Α
700 1238 787 1259 nunc
814 1226 948 1260 invisae
965 1238 1082 1272 magno
1109 1238 1181 1261 cum
1207 1226 1340 1260 crimine
1367 1226 1472 1263 Baiae.

404 1275 462 1312 22.
502 1275 563 1314 IV..
591 1275 650 1313 21..
678 1275 735 1309 21.
763 1275 905 1309 codicum
932 1276 1091 1321 scriptura
1117 1275 1254 1309 tenenda
1280 1278 1346 1308 est:

649 1324 742 1367 Quod
769 1327 917 1369 superest
943 1324 1156 1362 sufferre.
1183 1324 1290 1369 pedes,
1317 1327 1485 1369 properate
1512 1325 1660 1359 laborem.

402 1372 460 1408 23.
501 1372 574 1407 Duo
601 1374 727 1417 priores
751 1383 865 1406 versus
893 1373 1044 1406 carminis
1073 1373 1113 1411 V..
1141 1373 1175 1406 2.
1201 1373 1247 1406 sic.
1272 1373 1430 1406 scribendi
1457 1376 1552 1406 sunt:

650 1420 730 1464 Qui
756 1421 873 1454 mirare
898 1432 984 1454 meas
1012 1424 1060 1454 tot
1087 1421 1122 1454 in
1148 1433 1214 1454 uno
1240 1432 1372 1465 corpore
1398 1420 1530 1459 formas.

698 1468 817 1514 Accipe
843 1469 1014 1503 Vertumni
1042 1470 1136 1515 signa
1163 1472 1295 1514 paterna
1321 1469 1382 1505 dei.

403 1519 462 1554 24.
503 1519 545 1559 V.
574 1519 608 1560 3,
637 1517 693 1553 48.
722 1516 971 1552 AFRIGVS
997 1529 1033 1552 ex
1060 1519 1107 1552 eis
1135 1518 1252 1552 litteris
1279 1518 1456 1562 quadratis,
1484 1530 1562 1563 quae
1589 1522 1666 1553 sunt
1692 1517 1872 1559 AERIS,

280 1567 432 1602 facillime
470 1568 633 1612 corrumpi
666 1566 785 1611 potuit
846 1566 974 1600 Aeris
1008 1566 1178 1611 frigore
1211 1569 1301 1611 pater
1335 1578 1432 1610 aquas
1468 1567 1580 1600 altas
1609 1567 1695 1612 (scil.
1723 1567 1873 1610 Scythiae

280 1617 448 1663 iugorum)
476 1617 512 1650 in
538 1616 672 1662 glaciem
699 1615 808 1651 nectit.

403 1665 461 1701 25.
501 1665 677 1699 Distichon
712 1663 1097 1703 V,4,17.18.h0c
1133 1664 1200 1698 loco
1232 1650 1475 1710 ineptissimum
1501 1676 1626 1698 summo
1654 1665 1722 1698 iure
1748 1664 1872 1709 priores

281 1714 419 1748 editores
454 1717 530 1759 post
562 1725 593 1750 v.
628 1712 686 1749 92.
722 1716 915 1758 posuerunt.
962 1712 1116 1747 Fortasse
1151 1716 1253 1747 autem
1280 1713 1377 1747 initio
1404 1724 1517 1746 versus
1542 1713 1662 1757 prioris
1698 1716 1735 1746 et
1770 1713 1804 1746 in
1837 1712 1873 1745 si

279 1763 469 1797 mutandum
498 1766 558 1798 est.

402 1810 461 1847 26.
502 1811 543 1849 V,
571 1811 605 1849 4,
633 1810 691 1845 34.
718 1810 925 1855 Neapolitani
953 1812 1002 1855 (et
1028 1811 1111 1856 Hb.)
1139 1811 1312 1855 scriptura:

647 1859 735 1894 Dum
762 1859 887 1905 captiva
913 1860 974 1893 mei
1001 1859 1168 1905 conspicer
1192 1871 1286 1893 esse
1314 1859 1387 1894 Tati

281 1909 374 1943 unice
399 1920 474 1943 vera
501 1912 561 1944 est.
614 1909 857 1953 Conspicer
883 1909 1012 1953 passive
1039 1908 1159 1943 dictum
1184 1911 1245 1951 est,
1272 1912 1308 1942 ut
1333 1909 1466 1954 passim.

403 1957 461 1994 27.
503 1958 545 2000 V,
573 1957 608 1996 5,
636 1957 693 1993 73.
721 1957 865 1991 codicum
890 1956 929 1992 N.
957 1957 1018 1993 Hb.
1045 1957 1085 1993 V.
1114 1957 1157 1992 H.
1183 1958 1343 2003 scriptura
1369 1960 1626 2003 exporrecta
1652 1957 1753 1990 multo
1779 1968 1872 2002 prae-

279 2009 346 2040 stat
372 2007 414 2045 ei..
442 2017 522 2050 quae
549 2006 647 2052 vulgo
674 2006 805 2050 legitur,
833 2009 1096 2050 experrecta.

405 2054 464 2090 28.
504 2055 546 2093 V.
575 2055 634 2092 11,
661 2054 720 2090 64.
747 2055 942 2099 pronomina
968 2055 1155 2099 possessiva
1183 2055 1268 2088 inter
1294 2066 1328 2087 se
1354 2054 1577 2088 commutanda
1603 2057 1698 2088 sunt:

649 2104 787 2138 Condita
814 2107 893 2137 sunt
921 2106 1063 2137 nostro
1091 2102 1213 2137 lumina
1240 2106 1377 2138 vostra
1405 2103 1492 2138 sinu.
