2118 2698
1080 207 1121 239 24

304 317 416 340 sumus
442 317 571 341 versum
595 305 761 350 quintum.
802 305 904 340 Verba
930 306 1000 340 eius
1025 308 1061 341 in
1087 306 1179 342 libris
1205 318 1303 341 manu
1329 306 1461 352 seriptis
1476 306 1522 341 ita
1544 306 1709 352 leguntur,
1734 309 1772 341 ut
1796 317 1894 354 supra

304 355 339 388 in
365 354 474 388 fronte
499 355 681 400 posuimus,
735 355 822 398 Quae
848 366 919 389 eum
951 354 1144 396 difficillima
1178 356 1248 391 sint
1282 355 1321 394 ad
1352 354 1618 401 intellegendum,
1653 355 1893 391 diversissimas

304 403 589 448 interpretationes
616 415 634 437 a
658 403 740 437 viris
767 403 871 437 doctis
897 406 1026 449 experta
1052 407 1142 446 sunt,
1170 414 1304 448 quanun
1324 403 1404 439 haut
1421 403 1490 437 scio
1509 415 1551 438 an
1567 403 1657 438 nulla
1684 403 1752 438 loco
1778 406 1892 439 nostro

304 451 349 486 ita
383 451 617 487 accommodata
651 452 708 495 sit,
724 455 780 490 ,ut
814 451 937 488 laudem
976 455 1123 487 nostram
1158 456 1189 487 et
1223 451 1486 499 approbationem
1519 455 1687 489 mereatur.
1753 452 1893 490 Omissis

304 499 518 543 Broukhusii,
552 500 739 543 Kuinoelii,
774 501 879 536 iacobi
907 501 1216 546 interpretamentis,
1251 512 1329 546 quae
1363 511 1555 546 cognoscere
1590 504 1640 536 est
1665 502 1750 548 apud
1775 502 1894 537 Hertz-

303 548 447 594 bergum,
473 548 652 592 videamus,
680 549 839 594 quomodo
866 549 1093 584 Lachmannus
1120 553 1151 584 et
1178 550 1392 595 Hertzbergus
1419 549 1505 584 hunc
1534 559 1664 584 versum
1690 551 1893 597 interpretati

304 597 384 631 sint.
436 597 544 642 Atque
569 597 799 634 Lachmannus
826 598 953 644 quidem
979 598 1025 632 ita
1050 598 1187 645 explicat
1212 599 1323 634 verba.
1353 595 1429 640 „Tu
1456 597 1531 632 deos
1558 597 1642 632 falso
1668 601 1767 634 testes
1794 598 1894 634 advo-

304 658 354 681 cas
382 650 413 681 et
440 646 532 681 falsis
564 648 739 694 promissis
773 659 823 682 me
858 648 987 693 decipis.
992 651 1015 668 “
1067 647 1170 692 Quam
1206 647 1401 682 sententiam
1427 658 1498 681 cum
1524 647 1595 692 ipse
1620 650 1731 682 auctor
1756 648 1800 682 ita
1826 660 1894 684 non

304 696 498 740 probaverit,
527 700 562 730 ut
588 697 700 730 statim
735 696 829 730 aliter
861 697 969 731 versui
1005 697 1260 731 subveniendum
1287 707 1356 730 esse
1382 697 1544 738 statuerit,
1581 707 1648 730 non
1674 700 1736 739 est,
1762 709 1818 732 eur
1842 709 1894 732 re—

303 742 455 779 sutemus.
508 744 632 779 Statuit
667 748 772 779 autem
805 745 960 779 continuo
995 756 1053 790 pro
1090 747 1207 779 verba
1239 744 1458 789 reponendum
1493 755 1563 778 esse
1597 755 1689 779 vera
1728 749 1895 791 totumque

304 803 433 826 versum
460 804 518 838 per
544 794 830 838 interrogationem
857 794 986 830 dictum.
1029 793 1130 827 Verba
1157 794 1203 828 sic
1227 795 1345 827 mutata
1372 793 1622 838 interpretatur:
1650 793 1770 835 „Tune
1796 794 1894 840 fingis

306 841 363 875 tibi
398 853 492 876 veros
528 842 603 876 deos
639 853 721 884 esse,
757 853 838 885 quos
873 842 927 875 ille
953 842 1072 876 amoris
1106 845 1206 877 testes
1233 840 1363 876 secerit²
1399 844 1476 876 tune
1516 841 1571 875 illa
1597 842 1708 876 inania
1734 843 1895 887 promissa

305 900 379 924 vera
406 902 475 925 esse
501 891 559 924 tibi
586 891 779 936 persuades.
769 890 810 914 ²“
850 891 913 925 Sed
934 892 1056 925 nudum
1076 890 1157 925 illud
1185 891 1278 925 deos
1305 890 1337 923 id
1359 890 1542 936 significare
1556 901 1665 936 posse,
1692 891 1777 935 quod
1790 890 1894 926 Lach-

305 950 443 972 mannus
470 939 545 972 inde
572 939 667 980 cruit,
696 939 775 973 mihi
804 940 933 983 quidem
961 951 1053 973 nemo
1080 940 1278 984 persuadeat.
1318 938 1429 973 Nihilo
1456 939 1565 973 minus
1591 938 1791 973 Lachmanni
1818 951 1893 974 con-

304 986 423 1021 iectura
462 988 494 1021 in
531 990 651 1021 textum
676 990 812 1032 recepta
847 991 895 1021 est
922 999 939 1021 a
966 988 1011 1024 M.
1039 987 1182 1033 Hauptio
1219 991 1248 1021 et
1276 986 1313 1021 L.
1340 986 1478 1021 Miillero
1516 987 1618 1022 deleto
1651 990 1757 1021 tamen
1790 988 1894 1022 inter-

306 1036 440 1080 rogandi
468 1037 575 1081 signo.

429 1085 585 1119 Venimus
612 1085 650 1118 ad
667 1084 910 1130 Hertzbergum,
939 1085 1006 1129 qui,
1035 1086 1181 1129 quamvis
1199 1085 1403 1130 ingeniosam
1429 1088 1520 1119 vocet
1541 1084 1740 1119 Lachmanni
1768 1087 1893 1120 coniec-

306 1136 423 1175 turam,
459 1135 564 1168 tamen
601 1146 667 1168 eam
705 1137 740 1168 ut
772 1145 839 1168 non
875 1134 1086 1168 necessariam
1121 1134 1294 1180 repudians
1330 1134 1473 1168 codicum
1505 1134 1696 1179 scripturam
1728 1133 1895 1169 defendere

305 1182 423 1218 studet
476 1182 568 1217 Hauc
595 1187 699 1217 autem
727 1183 925 1217 intemeratis
954 1184 1058 1217 verbis
1085 1183 1279 1217 sententiam
1307 1184 1437 1217 subesse
1464 1183 1551 1217 vult.
1588 1182 1663 1224 „Tu
1691 1183 1766 1216 deos
1800 1194 1894 1217 veros

305 1242 374 1264 esse
402 1234 431 1264 et
459 1231 568 1275 quales
595 1232 671 1265 deos
699 1243 767 1265 esse
795 1232 881 1265 decet
908 1232 1060 1277 (periurii
1087 1232 1247 1276 vindices)
1275 1231 1357 1265 falso
1384 1232 1441 1265 tibi
1469 1231 1654 1276 persuades,
1683 1234 1715 1265 tu
1743 1232 1894 1266 verbis

306 1280 513 1314 inanibus
540 1280 574 1314 in
603 1280 755 1315 solatium
782 1280 830 1315 tui
857 1281 1058 1326 compositis,
1096 1292 1136 1314 ue
1172 1280 1327 1325 perfidum
1361 1280 1484 1314 credere
1519 1283 1691 1314 amatorem
1718 1280 1894 1323 sustineas,

305 1329 412 1363 sciens
448 1333 486 1363 te
522 1329 690 1364 fallis.“
749 1329 797 1364 De
832 1330 888 1363 hac
923 1332 1027 1363 antem
1063 1330 1328 1375 interpretatione
1363 1329 1444 1362 idem
1480 1329 1576 1370 valet,
1613 1329 1697 1373 quod
1729 1341 1826 1375 supra
1858 1330 1895 1364 de

304 1376 570 1412 Lachmauniana
598 1379 751 1419 diximus,
779 1390 893 1423 nempe
919 1378 1071 1412 vocabulo
1099 1379 1199 1412 deos
1226 1389 1356 1412 sensum
1384 1378 1538 1423 supponi,
1567 1389 1660 1422 quem
1687 1389 1728 1411 ne
1754 1379 1894 1424 precario

307 1427 437 1470 quidem
466 1427 539 1461 inde
567 1427 685 1462 elicias.
739 1427 957 1461 Probabiliora
983 1427 1135 1461 videntur
1169 1438 1215 1469 ea,
1251 1439 1329 1471 quae
1356 1427 1392 1460 de
1424 1427 1575 1461 inanibus
1603 1427 1707 1461 verbis
1736 1427 1895 1473 fingendis

305 1476 453 1520 protulit

429 1524 480 1558 Ex
510 1525 561 1558 his
590 1525 752 1565 omnibus,
781 1536 859 1568 quae
886 1524 1047 1568 hucusque
1074 1525 1254 1561 attulimus
1282 1528 1412 1569 apparet
1430 1504 1572 1566 verbum,
1600 1525 1685 1568 quod
1712 1528 1761 1558 est
1787 1525 1896 1565 deos,

308 1573 502 1607 invictarum
530 1572 757 1607 difficultatum
785 1572 907 1606 sontem
935 1584 1023 1606 esse:
1052 1584 1155 1617 neque
1182 1573 1260 1606 illud
1288 1573 1380 1607 nobis
1407 1572 1474 1606 ullo
1500 1573 1594 1607 modo
1621 1572 1748 1607 videtur
1773 1572 1897 1606 suffici-

306 1624 398 1656 enter
424 1621 575 1667 explicari
602 1633 710 1667 posse.
762 1621 825 1655 Sed
860 1622 888 1655 si
925 1621 1114 1667 diligentius
1148 1622 1356 1664 attendimus,
1384 1622 1514 1655 deorum
1541 1621 1799 1656 commemoratio
1826 1632 1897 1655 om-

306 1672 387 1705 nino
414 1683 430 1704 a
460 1674 572 1705 nostro
609 1669 678 1704 loco
713 1671 817 1704 aliena
850 1671 978 1705 videtur
1011 1682 1090 1706 esse.
1143 1670 1232 1704 Nihil
1268 1671 1353 1705 enim
1380 1670 1570 1716 Propertius
1598 1670 1756 1715 Cynthiae
1788 1671 1896 1712 obicit,

306 1720 371 1754 nisi
409 1720 628 1754 credulitatem
666 1722 696 1753 et
731 1719 864 1754 nimiam
899 1720 1059 1761 fiduciam,
1086 1731 1181 1763 quam
1208 1720 1359 1754 amatoris
1391 1719 1564 1765 promissis
1592 1719 1712 1756 habeat.
1765 1719 1834 1763 Qua
1860 1718 1897 1752 de

305 1781 397 1803 rausa
433 1769 513 1802 illud
550 1769 651 1802 deos
689 1780 794 1802 errore
828 1769 951 1802 librarii
986 1769 1019 1802 in
1056 1772 1178 1802 textum
1214 1769 1355 1813 repsisse
1389 1769 1580 1802 arbitramur
1615 1772 1645 1802 et
1671 1780 1729 1813 pro
1756 1767 1896 1801 stulta

306 1818 406 1851 deos
434 1818 644 1851 rescribentes
671 1820 772 1853 stulta
793 1820 902 1853 adeo’s
927 1817 1028 1851 totius
1056 1817 1229 1851 hexametri
1256 1817 1336 1851 hanc
1362 1817 1498 1862 speciem
1525 1817 1628 1852 fuisse
1654 1819 1822 1861 putamus:

550 1866 602 1900 At
631 1870 689 1907 tu,
716 1866 853 1901 stulta
879 1865 1044 1900 adeo*s?
1073 1869 1115 1899 tu
1140 1865 1281 1911 fingis
1309 1866 1458 1900 inania
1486 1865 1638 1900 verba?

428 1916 482 1949 Sic
517 1915 673 1959 scriptum
708 1915 810 1949 fuisse
843 1916 945 1960 magis
981 1915 1076 1948 etiam
1112 1915 1169 1948 tibi
1197 1915 1413 1959 persuadebis,
1446 1914 1475 1948 si
1502 1925 1636 1954 mecum,
1663 1914 1740 1957 quid
1767 1914 1895 1948 consilii

306 1964 339 1998 in
368 1964 600 2009 componendis
627 1974 682 1997 sex
709 1963 823 2009 primis
849 1964 995 1998 versibus
1022 1965 1116 2009 poeta
1143 1966 1269 1997 secutus
1296 1963 1353 2003 sit,
1379 1963 1646 1998 consideraveris.

430 2012 583 2055 Cynthia,
617 2024 697 2056 quae
730 2024 802 2047 cum
835 2013 929 2046 rivali
956 2012 1119 2057 Propertii
1153 2023 1218 2045 rem
1245 2011 1407 2054 habuerat,
1442 2013 1479 2046 ab
1506 2023 1542 2045 eo
1575 2011 1699 2045 deserta
1726 2013 1784 2047 est.
1836 2009 1897 2045 Ille

305 2061 472 2095 discedens
508 2061 590 2095 dixit
626 2061 687 2095 sibi
723 2062 757 2094 in
793 2061 992 2105 provinciam
1028 2059 1206 2105 (Africam)
1241 2060 1423 2094 abeundum
1455 2070 1525 2093 esse
1551 2060 1706 2104 pecuniae
1740 2059 1897 2104 parandae

305 2121 422 2154 cansa3
450 2110 479 2143 si
506 2110 700 2156 paravisset,
727 2108 920 2144 rediturum.
978 2109 1072 2153 Quod
1108 2119 1220 2144 verum
1255 2119 1325 2142 esse
1352 2107 1493 2152 Cynthia
1525 2107 1647 2142 confisa
1682 2110 1789 2154 sperat
1816 2106 1896 2149 fore,

306 2163 344 2194 ut
369 2159 425 2193 ille
451 2159 490 2193 ad
515 2171 549 2194 se
576 2162 767 2195 revertatur.
820 2155 912 2192 Hanc
938 2170 1025 2203 spem
1053 2161 1090 2193 ut
1116 2169 1230 2192 vanam
1257 2169 1327 2191 esse
1354 2157 1548 2199 ostenderet,
1575 2157 1661 2200 vide,
1689 2159 1810 2202 quanta
1830 2159 1897 2191 arta

305 2208 615 2254 Propertius-usus
648 2209 702 2244 sit.
756 2207 802 2242 Ac
833 2207 939 2253 primo
975 2207 1105 2251 quidem
1140 2206 1279 2240 disticho
1312 2206 1394 2240 nihil
1432 2206 1715 2241 demonstraturus
1742 2208 1803 2248 est,
1830 2205 1896 2240 nisi

308 2258 382 2292 hoc:
417 2258 448 2292 id
483 2258 605 2303 ipsum,
642 2258 727 2302 quod
760 2257 815 2291 ille
851 2255 1023 2301 Cynthiam
1059 2256 1242 2300 relinquere
1267 2255 1423 2301 potuerit,
1456 2255 1536 2290 satis
1569 2255 1770 2291 luculentum
1798 2254 1896 2289 docu-
