2118 2698
1060 170 1095 201 18

278 270 373 312 poeta
399 267 600 312 lepidissime
624 268 792 309 describat,
820 268 980 311 quomodo
1007 271 1106 312 potus
1134 269 1292 312 Cynthiae
1318 269 1411 304 iussu
1436 270 1474 303 ab
1499 269 1672 304 Amoribus
1698 266 1867 314 domum‘)

278 315 427 349 reductus
453 316 515 349 sit:
542 315 578 350 in
604 315 664 350 hoc
689 318 812 359 narrat,
839 316 917 360 quid
934 315 1009 358 sibi,
1036 327 1107 350 cum
1126 327 1218 351 mane
1240 316 1413 360 Cynthium
1436 317 1543 353 visum
1562 317 1693 360 ivisset,
1713 316 1866 353 evenerit..

277 362 388 407 Neque
414 374 490 398 vero
518 364 593 398 haec
619 366 883 409 argumentorum
909 364 1082 398 diversitas
1116 365 1185 399 sola
1220 376 1311 399 causa
1339 368 1400 407 est,
1416 376 1493 401 :cur
1525 366 1604 400 duas
1620 368 1737 411 ,partes
1763 376 1867 399 secer-

278 411 402 452 nendas
428 414 599 456 putemus:
627 423 668 446 ne
694 412 776 445 illud
802 413 931 456 quidem
956 412 1190 457 neglegendum
1217 415 1266 446 est
1292 412 1418 457 poetam
1444 413 1542 447 initio
1568 414 1689 459 prioris
1716 413 1867 447 carminis

278 459 406 494 blandis
432 460 539 494 verbis
566 471 651 495 mea
677 460 749 495 lux
774 460 906 495 amicam
932 460 1104 506 appellare,
1132 462 1167 495 in
1193 461 1293 495 altero
1327 472 1404 496 vero
1422 461 1467 496 ·de
1494 460 1637 505 Cynthia
1660 465 1707 497 ‚ut
1739 462 1868 496 absente

278 508 369 552 loqui
396 512 427 543 et
454 520 521 543 eam
547 509 652 554 ipsam
678 510 863 554 loquentem
889 510 1047 545 inducere.
1101 510 1195 554 Quis,
1220 521 1353 553 quaeso,
1379 510 1484 545 credat
1510 510 1715 555 Propertium
1742 511 1779 544 in
1802 522 1867 545 uuo

279 557 419 591 carmine
454 557 579 592 dicendi
614 569 718 603 genus
752 561 817 592 tam
850 558 1010 592 violenter
1044 562 1184 593 mutasse
1219 561 1250 592 et
1280 561 1432 602 tanquam
1466 558 1614 600 oblitum,
1652 559 1736 603 quod
1762 559 1867 606 primo

280 605 453 649 Gynthiam
481 606 640 642 allocutus
667 607 724 648 sit,
759 618 831 641 mox
858 607 1058 653 exposuisse,
1093 619 1172 652 quae
1205 607 1255 642 illi
1281 619 1347 641 non
1380 607 1488 642 minus
1515 610 1592 642 nota
1619 611 1740 651 essent,
1775 619 1869 652 quam

278 655 341 688 sibi
368 655 458 700 ipsi?
496 656 640 696 Accedit,
668 657 752 699 quod
777 667 890 689 versus
918 656 1041 700 primus
1067 656 1196 697 ultimo,
1222 656 1251 690 si
1278 656 1376 690 unius
1403 656 1555 689 carminis
1582 667 1653 690 esse
1679 657 1868 690 existiman—

279 705 345 745 tur,
380 703 588 737 vehementer
626 707 795 749 repugnat.
854 703 948 738 Unde
982 703 1100 737 sactum
1136 707 1196 745 est,
1230 707 1267 738 ut
1300 704 1444 748 plerique
1478 715 1586 739 vocem
1618 704 1715 749 primi
1755 715 1867 738 versus

279 750 490 786 hesterna
525 753 559 786 in
596 757 782 786 extrema
810 753 993 786 mutandam
1028 756 1206 794 censerent,
1241 753 1408 786 Hetzelius
1442 756 1548 787 autem
1583 753 1710 797 (progr.
1738 752 1868 786 Dilleu-

279 800 370 845 burg.
401 800 526 846 1876.)
554 804 657 835 totum
684 801 834 835 ultimum
860 800 1023 834 distichon
1050 802 1197 846 spurium
1222 813 1291 835 esse
1318 801 1546 846 suspicaretur.
1595 800 1774 845 Utrumque
1801 812 1868 835 non

280 850 497 884 necessarium
524 850 594 894 erit,
622 850 664 891 si,
691 852 727 884 ut
752 849 801 883 fas
822 853 882 892 est,
910 849 988 884 duas
1010 852 1117 895 partes
1136 850 1373 884 diversissimas
1394 849 1586 885 seiunxeris.
1626 849 1695 884 Iam
1716 850 1867 893 quoniam

281 897 520 932 demonstrasse
554 898 648 932 nobis
682 898 830 932 videmur
864 910 978 931 versus
1015 897 1077 931 XX
1113 899 1306 943 posteriores
1342 898 1393 932 sui
1433 898 1515 932 iuris
1550 909 1632 940 esse,
1667 897 1726 931 hoc
1761 898 1868 942 ipsum

280 956 405 980 carmen
434 946 559 980 mendis
585 946 770 987 nonnullis,
807 958 885 990 quas
917 958 974 991 per
1008 949 1187 991 temporum
1213 947 1380 980 decursum
1406 946 1515 988 traxit,
1550 945 1767 991 purgabimus
1820 945 1866 979 Ac

278 995 419 1039 primum
447 995 575 1039 quidem
602 995 634 1029 id
661 994 838 1037 distichon,
866 995 950 1039 quod
978 1007 1063 1029 nunc
1089 998 1135 1029 est
1164 995 1292 1029 tertium
1320 996 1369 1040 (V.
1398 995 1455 1031 27.
1484 994 1579 1039 28.):

649 1045 719 1078 Ibat
745 1047 775 1078 et
802 1044 877 1079 hinc
903 1047 1006 1078 castae
1032 1048 1195 1078 narratum
1222 1045 1347 1078 somnia
1376 1044 1503 1085 Vestae,

695 1092 763 1127 Neu
791 1093 852 1127 sibi
880 1104 960 1127 neve
986 1092 1172 1141 mihitquae
1198 1094 1344 1127 nocitura
1371 1093 1491 1134 forent,

277 1154 349 1177 cum
376 1142 437 1176 huc
463 1154 530 1177 non
557 1143 652 1177 faciat
679 1145 709 1176 et
735 1142 968 1176 sententiarum
996 1153 1112 1176 nexum
1139 1142 1419 1176 vehementissime
1455 1145 1594 1186 rumpat,
1631 1141 1698 1175 loco
1733 1153 1867 1176 moven-

277 1192 353 1225 dum
380 1195 449 1225 est:
478 1193 563 1235 quod
591 1203 651 1236 quo
680 1190 892 1225 revocandum
928 1191 985 1233 sit,
1018 1190 1103 1225 infra
1140 1191 1311 1227 docebitur.
1363 1190 1485 1234 Quodsi
1521 1190 1618 1224 eiecto
1646 1190 1703 1224 hoc
1730 1190 1867 1224 disticho

276 1252 406 1274 versum
442 1240 499 1276 28.
536 1243 612 1286 post
646 1239 704 1275 26.
742 1239 903 1285 posueris,
939 1239 1145 1284 aptissimum
1179 1251 1312 1274 sensum
1345 1239 1486 1281 habebis,
1521 1239 1614 1273 modo
1651 1250 1682 1273 v.
1716 1238 1773 1276 26.
1809 1250 1866 1284 pro

276 1300 381 1330 cum,
410 1290 496 1333 quod
521 1290 556 1323 in
584 1289 677 1323 libris
705 1289 835 1333 legitur,
871 1300 941 1322 cum
969 1289 1110 1322 editione
1136 1288 1293 1334 Regiensi
1326 1291 1414 1322 tum
1442 1288 1634 1323 restitueris.
1687 1288 1741 1321 Sic
1768 1288 1869 1333 igitur

276 1337 482 1383 Propertium
509 1339 682 1383 scripsisse
708 1340 804 1382 puto:

648 1385 826 1431 Obstupui:
855 1398 923 1419 non
950 1386 1005 1419 illa
1032 1386 1112 1420 mihi
1141 1386 1313 1432 formosior
1340 1398 1480 1430 unquam

698 1435 794 1475 Visa;
822 1445 925 1478 neque
952 1436 1077 1469 ostrina
1105 1438 1171 1468 tum
1198 1436 1261 1469 fuit
1287 1436 1321 1468 in
1349 1435 1475 1468 tunica:

647 1482 736 1517 Talis
763 1483 835 1516 visa
861 1483 942 1517 mihi
969 1495 1083 1517 somno
1110 1484 1242 1518 dimissa
1269 1483 1398 1519 recenti.

695 1531 747 1565 En
775 1535 931 1576 quantum
957 1544 1013 1576 per
1038 1544 1072 1566 se
1099 1533 1231 1566 candida
1256 1532 1357 1566 forma
1384 1532 1479 1568 valet.

399 1589 545 1632 Quorum
581 1600 733 1622 versuum
767 1589 943 1631 sententia,
980 1600 1019 1622 ne
1055 1589 1133 1633 quid
1167 1589 1290 1622 obscuri
1328 1589 1519 1632 relinquam,
1547 1588 1621 1622 haec
1647 1591 1712 1622 est:
1750 1588 1868 1630 „Nun-

275 1650 369 1682 quam
396 1637 477 1672 mihi
505 1637 647 1681 Cynthia
682 1636 857 1671 formosior
892 1637 962 1672 visa
998 1641 1059 1680 est,
1095 1649 1187 1682 quam
1214 1637 1271 1671 illo
1300 1648 1409 1680 mane3
1444 1648 1519 1670 nec
1554 1639 1692 1671 tamen
1719 1637 1775 1671 illa
1801 1639 1869 1671 tum

274 1699 435 1733 purpurea
463 1687 571 1721 tunica
599 1687 711 1721 amicta
738 1686 813 1729 fuit,
841 1687 914 1721 sed
941 1687 1016 1721 talis
1042 1687 1064 1723 i.
1094 1698 1120 1723 e.
1149 1690 1227 1721 tam
1253 1687 1442 1721 formosa
1469 1686 1549 1720 mihi
1576 1686 1646 1720 visa
1673 1689 1734 1729 est,
1772 1697 1869 1730 quum

225 1763 228 1767 .
275 1747 385 1770 recens
412 1747 529 1770 somno
557 1736 691 1769 dimissa
718 1738 840 1771 esset“.
894 1736 999 1769 Venio
1027 1737 1065 1769 ad
1093 1747 1219 1769 versum
1247 1735 1317 1778 38.‚
1353 1736 1388 1769 in
1415 1746 1477 1778 quo
1506 1735 1701 1780 spiritus
1737 1738 1868 1768 notus

274 1785 507 1819 adulterio
535 1784 727 1819 admisso
757 1784 833 1828 quid
859 1784 921 1818 sibi
948 1784 1039 1827 velit,
1067 1796 1134 1818 non
1157 1784 1321 1831 intellego.
1360 1783 1434 1818 Non
1461 1784 1547 1818 enim
1573 1783 1763 1829 persuadere
1790 1783 1869 1817 mihi

274 1845 409 1878 possum
430 1833 637 1878 Propertium
657 1833 796 1867 dixisse:
821 1833 999 1878 „Adspice,
1018 1837 1053 1867 ut
1070 1834 1105 1867 in
1124 1836 1192 1867 toto
1209 1845 1341 1878 corpore
1362 1833 1441 1867 mihi
1460 1833 1571 1866 nullus
1591 1832 1728 1877 spiritus
1745 1835 1868 1877 surgat,

275 1881 401 1926 qualem
437 1885 513 1927 post
548 1881 741 1915 adulterium
773 1882 981 1915 commissum
1014 1892 1143 1927 surgere
1175 1881 1323 1916 omnibus
1358 1885 1472 1915 notum
1507 1883 1593 1915 est.“
1652 1879 1764 1924 Itaque
1799 1892 1870 1914 cum

275 1930 421 1965 Marcilio
443 1931 582 1965 rescribo
601 1933 753 1965 motus.
795 1930 862 1965 lam
886 1941 962 1964 vero
983 1933 1110 1976 tempus
1134 1934 1193 1972 est,
1215 1933 1251 1965 ut
1272 1930 1313 1973 ei,
1333 1930 1417 1975 quod
1435 1941 1531 1975 supra
1550 1928 1712 1972 eiecimus,
1731 1929 1869 1964 disticho

278 1991 401 2013 novum
429 1979 532 2013 locum
560 1979 777 2014 inveniamus.
831 1979 893 2022 Qui
920 1979 1049 2022 quidem
1076 1979 1125 2013 bis
1151 1980 1239 2013 senis
1266 1980 1412 2013 versibus
1439 1977 1638 2012 intermissis
1664 1981 1738 2023 post
1764 1990 1795 2014 v,
1812 1977 1868 2013 40.

273 2031 372 2072 patet.
436 2027 612 2071 Postquam
650 2028 735 2060 enim
764 2027 903 2070 Cynthia
940 2039 1005 2061 non
1042 2028 1114 2061 sine
1148 2028 1265 2061 additis
1301 2026 1594 2072 vituperationibus
1630 2025 1799 2072 Propertio
1835 2038 1869 2061 se

397 2147 421 2182 *)
440 2147 597 2174 Mandata
620 2148 732 2174 domus
756 2156 778 2174 v.
797 2152 836 2175 20.
855 2148 984 2182 Cynthiae
1007 2156 1059 2174 non
1083 2151 1169 2180 potest
1191 2156 1257 2180 esse,
1282 2156 1339 2175 cum
1358 2155 1390 2174 ex
1408 2154 1439 2174 ea
1456 2148 1565 2174 Amores
1590 2146 1681 2181 paullo
1699 2149 1760 2172 ante
1778 2146 1812 2172 ad
1830 2146 1869 2172 in-

273 2190 460 2223 vestigandum
478 2190 643 2222 Propertium
661 2189 771 2222 profecti
790 2197 849 2216 esse
866 2190 979 2223 putandi
997 2191 1056 2219 sint,
1076 2190 1122 2216 sed
1140 2197 1193 2215 una
1211 2190 1347 2223 Propertii,
1372 2190 1399 2216 id
1423 2189 1491 2223 quod
1515 2189 1594 2215 etiam
1612 2188 1698 2215 verbis
1716 2195 1807 2214 versus
1825 2193 1868 2213 22:

274 2231 363 2261 „disce
381 2238 488 2256 manere
506 2230 607 2256 domi“
626 2231 799 2263 cognoscitur.
