2118 2698
1059 155 1100 185 30

283 251 321 284 de
348 252 462 296 quibus
490 251 631 295 Cynthia
658 251 709 285 hic
735 251 892 296 loquitur,
920 265 953 287 ea
980 254 1018 287 de
1044 265 1137 288 causa
1163 253 1355 288 oboriuntur
1381 253 1433 287 his
1460 253 1661 296 mulieribus,
1688 252 1774 297 quod
1799 265 1874 298 per-

287 300 394 334 fidiam
430 301 480 334 vel
516 300 668 334 duritiam
705 300 755 334 vel
788 300 849 335 alia
884 303 953 336 eius
989 302 1073 336 modi
1101 313 1118 335 a
1145 301 1226 336 viris
1251 313 1364 346 passae
1391 302 1472 344 sint,
1507 302 1562 336 sed
1589 302 1664 345 quia
1690 301 1874 347 narratione

283 349 528 392 praeteritorum
555 348 711 382 malorum
738 349 783 382 ita
810 353 995 391 moventur,
1022 353 1056 384 ut
1084 350 1232 384 lacrimas
1258 352 1367 383 tenere
1393 361 1462 384 non
1488 350 1631 396 possint.
1683 349 1762 384 Tam
1788 350 1875 385 enim

283 396 425 431 vividam
461 408 531 431 esse
566 396 718 442 inprimis
754 397 788 431 in
825 398 1022 433 mulierculis
1057 409 1161 433 rerum
1197 398 1400 433 adversarum
1435 399 1700 441 recordationem,
1737 402 1773 433 ut
1803 399 1875 445 ipsa

284 446 413 480 miseria
439 449 591 490 tanquam
627 458 644 479 a
680 447 819 480 mortuis
855 448 1062 481 resuscitetur
1098 458 1212 491 easque
1240 447 1386 481 lacrimas
1413 446 1547 481 sundere
1573 452 1677 493 cogat,
1713 448 1786 492 quis
1813 451 1874 489 est,

283 494 337 538 qui
365 494 510 528 nesciat?
550 494 663 538 Itaque
690 495 718 529 si
741 494 880 539 Cynthia
907 496 1106 530 lacrimarum
1127 496 1324 530 mentionem
1344 495 1432 538 facit,
1460 507 1526 530 non
1550 496 1595 530 ita
1622 496 1874 542 intellegendum

282 546 343 586 est,
371 544 463 587 quasi
492 544 593 578 dicere
620 544 700 578 velit
736 556 776 579 ne
811 545 845 579 in
874 557 946 580 orco
975 545 1100 589 quidem
1136 545 1336 589 querelarum
1363 545 1459 579 finem
1487 556 1575 587 esse,
1603 545 1658 580 sed
1684 546 1774 592 ipsae
1801 545 1875 581 illae

282 593 429 626 lacrimae
456 605 624 633 memores,
659 606 738 637 quae
765 597 870 627 tamen
904 595 1025 637 aliquid
1062 594 1177 628 liabent
1204 594 1426 635 iucunditatis,
1453 594 1691 638 significantur.
1744 595 1811 629 Hac
1838 595 1875 628 de

282 653 374 674 causa
401 642 435 674 in
464 653 558 675 versu
587 645 700 675 nostro
728 654 830 686 neque
856 643 1010 676 sanandis
1039 654 1139 686 ucque
1166 643 1310 676 solandis
1330 642 1491 676 amoribus
1519 641 1607 676 locus
1635 646 1695 681 est,
1723 643 1778 676 sed
1796 655 1874 677 con-

283 689 459 725 firmandis.
512 689 598 736 Lege
625 691 725 733 igitur
751 702 887 725 mecum:

627 740 680 773 Sic
708 740 820 774 mortis
849 741 987 774 lacrimis
1014 742 1098 774 vitae
1125 741 1343 774 sancimus
1371 752 1504 776 amores,

282 787 383 830 Quam
410 787 503 821 facile
530 788 753 821 sancimus
781 800 797 820 e
824 801 1028 822 sanamus
1055 788 1125 822 fieri
1152 789 1305 834 potuerit,
1335 800 1402 822 non
1430 792 1499 833 eget
1527 788 1750 833 explicatione.
1807 788 1872 823 Ob-

282 847 387 877 serva,
416 848 546 880 quaeso,
582 837 676 871 etiam
714 836 791 871 illud
819 837 1020 872 blandissimi
1050 839 1124 871 ilem
1161 841 1254 881 atque
1282 837 1459 871 dulcissimi
1487 838 1606 872 amoris
1635 838 1873 881 documentum,

280 886 365 927 quod
392 897 422 920 v.
452 885 508 919 70.
536 886 729 920 continetur.

403 934 532 972 Restat,
570 937 605 967 ut
633 934 665 967 in
699 934 764 967 fine
792 934 1026 978 disputationis
1062 937 1191 968 nostrae
1218 945 1435 968 asseveremus
1464 945 1545 979 eum,
1579 934 1634 977 qui
1663 933 1742 968 hanc
1769 934 1873 979 parti—

279 982 380 1016 culam
409 983 589 1027 scripserit,
617 983 686 1016 sive
714 983 783 1028 ipse
810 982 1000 1027 Propertius
1028 983 1137 1022 suerit,
1165 983 1233 1017 sive
1260 983 1342 1016 alius
1371 984 1482 1026 (modo
1505 983 1633 1028 ineptae
1652 983 1872 1017 Andromedes

279 1032 594 1064 commemorationis
631 1043 669 1064 ue
706 1032 923 1076 memineris),
961 1033 997 1064 ab
1032 1032 1189 1075 elegantia
1225 1035 1255 1064 et
1290 1032 1414 1075 poetico
1442 1032 1574 1076 ingenio
1602 1032 1736 1064 minime
1770 1031 1872 1065 fuisse

279 1079 431 1112 alienum.

983 1161 1021 1195 V.
1049 1160 1083 1199 9,
1113 1159 1170 1194 70.

402 1243 471 1276 Hoc
500 1243 567 1276 loco
595 1243 733 1276 editores
760 1243 896 1275 codicem
919 1242 957 1277 G.
987 1242 1129 1285 aliosque
1158 1242 1331 1275 deteriores
1359 1245 1388 1274 et
1417 1245 1525 1275 notam
1545 1241 1765 1286 marginalem,
1793 1252 1871 1284 quae

279 1295 324 1325 cst
356 1292 386 1325 111
417 1292 666 1337 Hamburgcnsi.
695 1292 794 1325 secuti
825 1292 856 1324 in
887 1294 1006 1324 textum
1034 1294 1239 1336 receperunt:

741 1340 890 1375 Herculis
918 1340 1024 1374 eximii
1053 1352 1092 1374 ne
1119 1340 1161 1374 sit
1192 1340 1293 1373 inulta
1321 1340 1404 1376 silis.

402 1391 464 1424 Sed
500 1391 566 1425 cod.
595 1390 634 1424 N.
673 1391 775 1433 isque,
812 1390 865 1432 qui
903 1390 1090 1433 saepissime
1124 1401 1193 1422 cum
1227 1400 1262 1421 eo
1290 1389 1376 1426 facit,
1411 1389 1679 1433 Hamburgensis,
1717 1400 1772 1421 uec
1805 1400 1870 1422 non

281 1439 474 1474 Vossianus.
504 1439 647 1471 melioris
676 1442 769 1471 uotae
797 1438 886 1471 liber.
916 1438 988 1470 haec
1015 1438 1105 1470 verba
1136 1437 1230 1482 longe
1256 1438 1292 1469 al)
1319 1437 1385 1470 illis
1413 1437 1538 1470 diversa
1566 1437 1599 1470 111
1629 1440 1716 1470 textu
1736 1436 1869 1471 habent:

700 1487 835 1520 Hercule
863 1486 1084 1520 exterminium
1114 1487 1212 1519 nescit
1245 1486 1344 1519 inulta
1373 1486 1457 1520 sitis.

402 1538 488 1579 Quae
524 1548 593 1569 cum
629 1547 732 1579 neque
767 1536 804 1568 ad
839 1538 973 1568 metrum
1010 1535 1162 1578 quadrare
1200 1545 1299 1577 neque
1335 1546 1444 1567 sanam
1479 1534 1673 1567 senteutiam
1707 1535 1871 1568 continere

278 1586 477 1621 viderentur
507 1585 548 1618 ita
578 1584 743 1629 desperata
771 1587 846 1617 suut
876 1595 892 1617 a
920 1583 1000 1617 viris
1028 1583 1159 1619 criticis,
1188 1586 1218 1616 111
1249 1594 1287 1615 ne
1316 1583 1471 1616 rationem
1492 1582 1621 1626 quidem
1643 1594 1750 1616 eorum
1770 1583 1870 1617 habu-

279 1636 382 1668 erint:
412 1634 477 1668 nisi
506 1635 588 1678 quod
618 1634 769 1678 Ungerus
798 1622 973 1687 (emendat.
1005 1632 1147 1678 Propert.
1177 1645 1204 1677 p.
1237 1631 1308 1677 18)
1346 1632 1519 1666 emeriti
1548 1645 1564 1665 a
1593 1631 1762 1677 Propertio
1790 1633 1870 1666 scri-

278 1688 367 1729 ptum
396 1684 497 1717 1111551
525 1687 644 1722 censen
673 1683 756 1726 quod
790 1694 859 1715 cum
895 1682 1044 1715 eximii
1073 1683 1105 1715 111
1136 1693 1241 1714 rocem
1278 1681 1587 1715 exterminium
1615 1681 1788 1714 conflatum
1815 1681 1870 1714 sit.

278 1733 340 1766 Sed
368 1744 470 1775 neque
504 1732 653 1765 eximii
690 1743 792 1775 neque
828 1731 987 1764 emeriti
1016 1730 1163 1764 Herculis
1200 1730 1248 1763 1111·
1281 1730 1464 1764 satisfacere
1491 1730 1750 1763 commemoratio
1777 1730 1870 1763 nobis

278 1782 416 1819 videtur,
445 1782 500 1814 sed
528 1781 625 1814 unius
653 1780 822 1814 exclusi
851 1783 881 1813 et
909 1781 945 1813 al)
972 1791 1050 1822 aqua
1079 1779 1243 1824 prohibiti.
1286 1779 1369 1812 Haec
1396 1782 1501 1812 autem
1529 1779 1620 1812 notio
1648 1779 1717 1814 voci
1746 1781 1870 1812 exter·

278 1830 394 1864 minii
434 1831 532 1867 inest,
568 1841 660 1872 quae,
697 1829 844 1873 quamvis
878 1829 942 1862 nisi
979 1829 1058 1872 apud
1095 1827 1331 1861 Tertulliaumn
1367 1839 1525 1871 nusquam
1562 1830 1715 1865 occurrat,
1751 1830 1869 1868 tamen,

276 1891 346 1913 cum
375 1890 389 1911 e
415 1879 538 1923 legibus
568 1879 696 1923 linguae
724 1878 840 1911 latinae
875 1878 1010 1911 formata
1046 1878 1101 1915 sit,
1138 1888 1202 1909 non
1232 1880 1291 1916 cst,
1328 1888 1382 1910 cur
1409 1876 1579 1920 Propertio
1618 1875 1868 1921 abiu‹licetur*).

276 1928 419 1965 Accedit,
448 1927 532 1969 quod
562 1928 594 1960 in
623 1927 781 1960 codicibus
808 1925 847 1959 N.
876 1926 937 1961 Hb.
968 1926 1005 1960 V.
1035 1937 1100 1958 non
1131 1925 1247 1968 legitur
1273 1937 1318 1958 ne
1345 1925 1418 1960 sil,
1451 1928 1486 1958 111
1514 1925 1547 1957 111
1576 1924 1643 1959 cod.
1674 1923 1712 1958 G.
1741 1926 1770 1956 et
1797 1924 1870 1957 aliis

277 1976 500 2010 deterioribus.
529 1976 583 2009 sed
612 1976 752 2008 nescit.
793 1974 1014 2008 Foedissimac
1036 1974 1134 2018 igitur
1154 1973 1417 2018 interpolationis
1447 1974 1486 2011 is,
1515 1972 1569 2016 qui
1597 1972 1727 2017 scripsit
1754 1972 1869 2006 librum

276 2025 328 2061 N„
358 2024 596 2058 insimulandus
624 2024 679 2063 511,
708 2025 734 2057 si
763 2035 829 2056 non
857 2023 963 2056 solum
992 2023 1020 2055 id
1050 2022 1247 2057 vocabulum,
1282 2022 1367 2066 quod
1403 2025 1449 2055 est
1487 2021 1806 2062 exterminium,
1834 2021 1867 2054 111

278 2077 396 2106 textum
434 2084 492 2105 suo
528 2073 659 2106 arbitrio
696 2072 932 2117 importaverit,
966 2071 1020 2104 sed
1056 2071 1164 2105 etiam,
1200 2074 1230 2103 111
1269 2082 1380 2104 versus
1409 2081 1505 2103 sensu
1535 2081 1574 2102 ne
1601 2073 1730 2105 careret.
1758 2081 1793 2102 ex
1822 2080 1869 2102 ne

398 2178 422 2209 *J
442 2178 475 2202 lr't
494 2178 561 2202 enim
588 2184 603 2201 a
626 2177 842 2202 vaticinando
867 2176 1071 2200 vaticinium.
1097 2183 1112 2200 a
1136 2175 1372 2200 latrocinando
1392 2175 1620 2200 latrocinium.
1646 2175 1684 2200 sic
1701 2175 1741 2201 ab
1760 2179 1867 2199 exter-

275 2219 424 2244 minando
443 2218 669 2243 exterminium
690 2218 870 2248 proficiscitur.
