<?xml version="1.0" encoding="UTF-8"?>
<!DOCTYPE html PUBLIC "-//W3C//DTD XHTML 1.0 Transitional//EN"
    "http://www.w3.org/TR/xhtml1/DTD/xhtml1-transitional.dtd">
<html xmlns="http://www.w3.org/1999/xhtml" xml:lang="en" lang="en">
 <head>
  <title>
</title>
<meta http-equiv="Content-Type" content="text/html;charset=utf-8" />
  <meta name='ocr-system' content='tesseract 3.04.00' />
  <meta name='ocr-capabilities' content='ocr_page ocr_carea ocr_par ocr_line ocrx_word'/>
</head>
<body>
  <div class='ocr_page' id='page_1' title='image "4765521_0013.png"; bbox 0 0 2118 2698; ppageno 0'>
   <div class='ocr_carea' id='block_1_1' title="bbox 0 0 149 74">
    <p class='ocr_par' dir='ltr' id='par_1_1' title="bbox 0 0 149 74">
     <span class='ocr_line' id='line_1_1' title="bbox 0 0 149 74; baseline 0 2624"><span class='ocrx_word' id='word_1_1' title='bbox 0 0 149 74; x_wconf 95' lang='lat' dir='ltr'> </span> 
     </span>
    </p>
   </div>
   <div class='ocr_carea' id='block_1_2' title="bbox 1026 189 1042 219">
    <p class='ocr_par' dir='ltr' id='par_1_2' title="bbox 1026 189 1042 219">
     <span class='ocr_line' id='line_1_2' title="bbox 1026 189 1042 219; baseline 0 0"><span class='ocrx_word' id='word_1_2' title='bbox 1026 189 1042 219; x_wconf 82' lang='lat'>7</span> 
     </span>
    </p>
   </div>
   <div class='ocr_carea' id='block_1_3' title="bbox 945 287 1119 331">
    <p class='ocr_par' dir='ltr' id='par_1_3' title="bbox 945 287 1119 331">
     <span class='ocr_line' id='line_1_3' title="bbox 945 287 1119 331; baseline 0.011 -10"><span class='ocrx_word' id='word_1_3' title='bbox 945 288 975 329; x_wconf 91' lang='lat'>1,</span> <span class='ocrx_word' id='word_1_4' title='bbox 1003 288 1060 331; x_wconf 82' lang='lat'>12,</span> <span class='ocrx_word' id='word_1_5' title='bbox 1086 287 1119 323; x_wconf 82' lang='lat'>9.</span> 
     </span>
    </p>
   </div>
   <div class='ocr_carea' id='block_1_4' title="bbox 246 350 1824 448">
    <p class='ocr_par' dir='ltr' id='par_1_4' title="bbox 246 350 1824 448">
     <span class='ocr_line' id='line_1_4' title="bbox 368 350 1824 398; baseline -0.001 -11"><span class='ocrx_word' id='word_1_6' title='bbox 368 351 410 387; x_wconf 90' lang='lat' dir='ltr'>In</span> <span class='ocrx_word' id='word_1_7' title='bbox 435 352 662 388; x_wconf 83' lang='lat' dir='ltr'>constituendo</span> <span class='ocrx_word' id='word_1_8' title='bbox 687 352 746 388; x_wconf 74' lang='lat' dir='ltr'>hoc</span> <span class='ocrx_word' id='word_1_9' title='bbox 771 363 868 389; x_wconf 84' lang='lat' dir='ltr'>versu</span> <span class='ocrx_word' id='word_1_10' title='bbox 894 363 1017 396; x_wconf 85' lang='lat' dir='ltr'>omnes,</span> <span class='ocrx_word' id='word_1_11' title='bbox 1043 352 1130 397; x_wconf 87' lang='lat' dir='ltr'>quod</span> <span class='ocrx_word' id='word_1_12' title='bbox 1154 351 1264 395; x_wconf 88' lang='lat' dir='ltr'>sciam,</span> <span class='ocrx_word' id='word_1_13' title='bbox 1291 351 1430 387; x_wconf 84' lang='lat' dir='ltr'>editores</span> <span class='ocrx_word' id='word_1_14' title='bbox 1449 350 1564 397; x_wconf 86' lang='lat' dir='ltr'>optimi</span> <span class='ocrx_word' id='word_1_15' title='bbox 1584 351 1701 387; x_wconf 89' lang='lat' dir='ltr'>codicis</span> <span class='ocrx_word' id='word_1_16' title='bbox 1719 351 1824 398; x_wconf 88' lang='lat' dir='ltr'>scrip-</span> 
     </span>
     <span class='ocr_line' id='line_1_5' title="bbox 246 400 1822 448; baseline 0.001 -12"><span class='ocrx_word' id='word_1_17' title='bbox 246 405 318 437; x_wconf 86' lang='lat' dir='ltr'>tura</span> <span class='ocrx_word' id='word_1_18' title='bbox 343 402 457 436; x_wconf 85' lang='lat' dir='ltr'>reiecta</span> <span class='ocrx_word' id='word_1_19' title='bbox 482 400 698 446; x_wconf 75' lang='lat' dir='ltr'>neglectisque</span> <span class='ocrx_word' id='word_1_20' title='bbox 721 402 918 446; x_wconf 88' lang='lat' dir='ltr'>reliquorum</span> <span class='ocrx_word' id='word_1_21' title='bbox 941 401 1090 448; x_wconf 77' lang='lat' dir='ltr'>vestigiis</span> <span class='ocrx_word' id='word_1_22' title='bbox 1114 409 1218 436; x_wconf 87' lang='lat' dir='ltr'>unum</span> <span class='ocrx_word' id='word_1_23' title='bbox 1243 401 1360 436; x_wconf 84' lang='lat' dir='ltr'>librum</span> <span class='ocrx_word' id='word_1_24' title='bbox 1378 400 1597 436; x_wconf 71' lang='lat' dir='ltr'>licinianum</span> <span class='ocrx_word' id='word_1_25' title='bbox 1614 401 1714 436; x_wconf 75' lang='lat' dir='ltr'>secuti</span> <span class='ocrx_word' id='word_1_26' title='bbox 1733 404 1822 437; x_wconf 80' lang='lat' dir='ltr'>sunt.</span> 
     </span>
    </p>
   </div>
   <div class='ocr_carea' id='block_1_5' title="bbox 958 230 1134 237">
    <p class='ocr_par' dir='ltr' id='par_1_5' title="bbox 958 230 1134 237">
     <span class='ocr_line' id='line_1_6' title="bbox 958 230 1134 237; baseline 0 0"><span class='ocrx_word' id='word_1_27' title='bbox 958 230 1134 237; x_wconf 95' lang='lat' dir='ltr'> </span> 
     </span>
    </p>
   </div>
   <div class='ocr_carea' id='block_1_6' title="bbox 192 443 1719 494">
    <p class='ocr_par' dir='ltr' id='par_1_6' title="bbox 192 443 1719 494">
     <span class='ocr_line' id='line_1_7' title="bbox 192 443 1719 494; baseline 0 -11"><span class='ocrx_word' id='word_1_28' title='bbox 192 443 197 448; x_wconf 54' lang='lat'><strong><em>⁹</em></strong></span> <span class='ocrx_word' id='word_1_29' title='bbox 247 449 302 483; x_wconf 89' lang='lat' dir='ltr'>Sic</span> <span class='ocrx_word' id='word_1_30' title='bbox 329 449 416 483; x_wconf 88' lang='lat' dir='ltr'>enim</span> <span class='ocrx_word' id='word_1_31' title='bbox 440 449 524 494; x_wconf 89' lang='lat' dir='ltr'>apud</span> <span class='ocrx_word' id='word_1_32' title='bbox 548 447 802 493; x_wconf 59' lang='lat' dir='ltr'>helirannum,</span> <span class='ocrx_word' id='word_1_33' title='bbox 828 449 1072 494; x_wconf 70' lang='lat' dir='ltr'>Hertzberguuu,</span> <span class='ocrx_word' id='word_1_34' title='bbox 1098 449 1291 494; x_wconf 85' lang='lat' dir='ltr'>Hauptium,</span> <span class='ocrx_word' id='word_1_35' title='bbox 1316 448 1356 484; x_wconf 90' lang='lat' dir='ltr'>L.</span> <span class='ocrx_word' id='word_1_36' title='bbox 1383 448 1556 483; x_wconf 68' lang='lat' dir='ltr'>nullorum</span> <span class='ocrx_word' id='word_1_37' title='bbox 1581 448 1719 493; x_wconf 74' lang='lat' dir='ltr'>legitur:</span> 
     </span>
    </p>
   </div>
   <div class='ocr_carea' id='block_1_7' title="bbox 497 496 1568 542">
    <p class='ocr_par' dir='ltr' id='par_1_7' title="bbox 497 496 1568 542">
     <span class='ocr_line' id='line_1_8' title="bbox 497 496 1568 542; baseline 0.002 -10"><span class='ocrx_word' id='word_1_38' title='bbox 497 497 644 533; x_wconf 85' lang='lat' dir='ltr'>Invidiae</span> <span class='ocrx_word' id='word_1_39' title='bbox 668 497 806 534; x_wconf 85' lang='lat' dir='ltr'>fuimus:</span> <span class='ocrx_word' id='word_1_40' title='bbox 832 510 927 533; x_wconf 89' lang='lat' dir='ltr'>num</span> <span class='ocrx_word' id='word_1_41' title='bbox 952 509 1002 533; x_wconf 90' lang='lat' dir='ltr'>me</span> <span class='ocrx_word' id='word_1_42' title='bbox 1026 498 1104 533; x_wconf 89' lang='lat' dir='ltr'>deus</span> <span class='ocrx_word' id='word_1_43' title='bbox 1131 496 1249 542; x_wconf 81' lang='lat' dir='ltr'>obruit,</span> <span class='ocrx_word' id='word_1_44' title='bbox 1275 509 1316 532; x_wconf 93' lang='lat' dir='ltr'>an</span> <span class='ocrx_word' id='word_1_45' title='bbox 1344 508 1423 542; x_wconf 89' lang='lat' dir='ltr'>quae</span> <span class='ocrx_word' id='word_1_46' title='bbox 1449 526 1458 534; x_wconf 91' lang='lat'><strong>.</strong></span> <span class='ocrx_word' id='word_1_47' title='bbox 1486 523 1496 532; x_wconf 88' lang='lat'>.</span> <span class='ocrx_word' id='word_1_48' title='bbox 1523 523 1532 531; x_wconf 89' lang='lat'><strong>.</strong></span> <span class='ocrx_word' id='word_1_49' title='bbox 1560 525 1568 534; x_wconf 87' lang='lat'>.</span> 
     </span>
    </p>
   </div>
   <div class='ocr_carea' id='block_1_8' title="bbox 244 554 1857 1618">
    <p class='ocr_par' dir='ltr' id='par_1_8' title="bbox 244 554 1857 1618">
     <span class='ocr_line' id='line_1_9' title="bbox 367 554 1825 600; baseline 0 -11"><span class='ocrx_word' id='word_1_50' title='bbox 367 555 439 589; x_wconf 89' lang='lat' dir='ltr'>Non</span> <span class='ocrx_word' id='word_1_51' title='bbox 471 556 515 589; x_wconf 82' lang='lat' dir='ltr'>ita</span> <span class='ocrx_word' id='word_1_52' title='bbox 546 555 580 588; x_wconf 90' lang='lat' dir='ltr'>in</span> <span class='ocrx_word' id='word_1_53' title='bbox 611 555 782 600; x_wconf 76' lang='lat' dir='ltr'>archetypo</span> <span class='ocrx_word' id='word_1_54' title='bbox 816 554 933 596; x_wconf 82' lang='lat' dir='ltr'>fuisse,</span> <span class='ocrx_word' id='word_1_55' title='bbox 967 555 1022 588; x_wconf 88' lang='lat' dir='ltr'>sed</span> <span class='ocrx_word' id='word_1_56' title='bbox 1056 554 1174 588; x_wconf 87' lang='lat' dir='ltr'>codicis</span> <span class='ocrx_word' id='word_1_57' title='bbox 1208 554 1251 588; x_wconf 85' lang='lat' dir='ltr'>H.</span> <span class='ocrx_word' id='word_1_58' title='bbox 1283 554 1450 588; x_wconf 81' lang='lat' dir='ltr'>librarium</span> <span class='ocrx_word' id='word_1_59' title='bbox 1483 565 1543 587; x_wconf 89' lang='lat' dir='ltr'>suo</span> <span class='ocrx_word' id='word_1_60' title='bbox 1578 554 1711 588; x_wconf 80' lang='lat' dir='ltr'>arbitrio</span> <span class='ocrx_word' id='word_1_61' title='bbox 1743 554 1825 589; x_wconf 87' lang='lat' dir='ltr'>illud</span> 
     </span>
     <span class='ocr_line' id='line_1_10' title="bbox 246 601 1824 650; baseline -0.001 -11"><span class='ocrx_word' id='word_1_62' title='bbox 246 615 335 639; x_wconf 89' lang='lat' dir='ltr'>num</span> <span class='ocrx_word' id='word_1_63' title='bbox 359 603 542 650; x_wconf 74' lang='lat' dir='ltr'>reposuisse</span> <span class='ocrx_word' id='word_1_64' title='bbox 563 614 600 638; x_wconf 84' lang='lat' dir='ltr'>ex</span> <span class='ocrx_word' id='word_1_65' title='bbox 620 603 809 650; x_wconf 84' lang='lat' dir='ltr'>comparatis</span> <span class='ocrx_word' id='word_1_66' title='bbox 828 606 1002 637; x_wconf 80' lang='lat' dir='ltr'>ceterorum</span> <span class='ocrx_word' id='word_1_67' title='bbox 1021 602 1163 637; x_wconf 85' lang='lat' dir='ltr'>codicum</span> <span class='ocrx_word' id='word_1_68' title='bbox 1181 602 1351 648; x_wconf 86' lang='lat' dir='ltr'>scripturis</span> <span class='ocrx_word' id='word_1_69' title='bbox 1371 601 1547 636; x_wconf 87' lang='lat' dir='ltr'>clarissime</span> <span class='ocrx_word' id='word_1_70' title='bbox 1567 604 1707 648; x_wconf 83' lang='lat' dir='ltr'>apparet.</span> <span class='ocrx_word' id='word_1_71' title='bbox 1742 601 1824 637; x_wconf 82' lang='lat' dir='ltr'>Nam</span> 
     </span>
     <span class='ocr_line' id='line_1_11' title="bbox 246 649 1824 697; baseline 0 -10"><span class='ocrx_word' id='word_1_72' title='bbox 246 665 316 687; x_wconf 89' lang='lat' dir='ltr'>cum</span> <span class='ocrx_word' id='word_1_73' title='bbox 344 653 382 688; x_wconf 85' lang='lat' dir='ltr'>G.</span> <span class='ocrx_word' id='word_1_74' title='bbox 409 664 536 693; x_wconf 85' lang='lat' dir='ltr'>nnnc,</span> <span class='ocrx_word' id='word_1_75' title='bbox 569 652 632 688; x_wconf 82' lang='lat' dir='ltr'>Hb.</span> <span class='ocrx_word' id='word_1_76' title='bbox 666 652 708 688; x_wconf 90' lang='grc' dir='ltr'>Ι).</span> <span class='ocrx_word' id='word_1_77' title='bbox 736 652 780 688; x_wconf 76' lang='grc' dir='ltr'>Μ.</span> <span class='ocrx_word' id='word_1_78' title='bbox 816 663 899 686; x_wconf 87' lang='lat' dir='ltr'>non</span> <span class='ocrx_word' id='word_1_79' title='bbox 932 651 1110 694; x_wconf 80' lang='lat' dir='ltr'>exhibeant,</span> <span class='ocrx_word' id='word_1_80' title='bbox 1146 653 1182 686; x_wconf 90' lang='lat' dir='ltr'>in</span> <span class='ocrx_word' id='word_1_81' title='bbox 1207 651 1247 686; x_wconf 88' lang='lat' dir='ltr'>N.</span> <span class='ocrx_word' id='word_1_82' title='bbox 1272 655 1387 697; x_wconf 30' lang='lat' dir='ltr'>‚autem</span> <span class='ocrx_word' id='word_1_83' title='bbox 1419 650 1642 696; x_wconf 81' lang='lat' dir='ltr'>compendium</span> <span class='ocrx_word' id='word_1_84' title='bbox 1669 649 1704 694; x_wconf 67' lang='grc' dir='ltr'>ἰ,</span> <span class='ocrx_word' id='word_1_85' title='bbox 1738 651 1824 697; x_wconf 83' lang='lat' dir='ltr'>quod</span> 
     </span>
     <span class='ocr_line' id='line_1_12' title="bbox 247 699 1824 746; baseline 0 -11"><span class='ocrx_word' id='word_1_86' title='bbox 247 701 340 736; x_wconf 89' lang='lat' dir='ltr'>modo</span> <span class='ocrx_word' id='word_1_87' title='bbox 367 712 470 743; x_wconf 90' lang='lat' dir='ltr'>non,</span> <span class='ocrx_word' id='word_1_88' title='bbox 503 701 597 734; x_wconf 90' lang='lat' dir='ltr'>modo</span> <span class='ocrx_word' id='word_1_89' title='bbox 631 712 739 734; x_wconf 91' lang='lat' dir='ltr'>nunc</span> <span class='ocrx_word' id='word_1_90' title='bbox 770 699 944 746; x_wconf 83' lang='lat' dir='ltr'>siguificat,</span> <span class='ocrx_word' id='word_1_91' title='bbox 978 703 1074 739; x_wconf 83' lang='lat' dir='ltr'>extet,</span> <span class='ocrx_word' id='word_1_92' title='bbox 1107 701 1143 734; x_wconf 92' lang='lat' dir='ltr'>in</span> <span class='ocrx_word' id='word_1_93' title='bbox 1168 700 1340 745; x_wconf 80' lang='lat' dir='ltr'>archetypo</span> <span class='ocrx_word' id='word_1_94' title='bbox 1375 700 1460 734; x_wconf 90' lang='lat' dir='ltr'>idem</span> <span class='ocrx_word' id='word_1_95' title='bbox 1491 699 1573 733; x_wconf 87' lang='lat' dir='ltr'>illud</span> <span class='ocrx_word' id='word_1_96' title='bbox 1598 700 1824 745; x_wconf 75' lang='lat' dir='ltr'><strong>compendium</strong></span> 
     </span>
     <span class='ocr_line' id='line_1_13' title="bbox 247 747 1825 795; baseline 0 -11"><span class='ocrx_word' id='word_1_97' title='bbox 247 751 367 795; x_wconf 85' lang='lat' dir='ltr'>pictum</span> <span class='ocrx_word' id='word_1_98' title='bbox 393 749 496 784; x_wconf 86' lang='lat' dir='ltr'>fuisse</span> <span class='ocrx_word' id='word_1_99' title='bbox 521 750 751 784; x_wconf 74' lang='lat' dir='ltr'>consectarium</span> <span class='ocrx_word' id='word_1_100' title='bbox 776 753 837 784; x_wconf 88' lang='lat' dir='ltr'>est.</span> <span class='ocrx_word' id='word_1_101' title='bbox 888 749 956 783; x_wconf 90' lang='lat' dir='ltr'>Iam</span> <span class='ocrx_word' id='word_1_102' title='bbox 982 748 1011 783; x_wconf 88' lang='lat' dir='ltr'>si</span> <span class='ocrx_word' id='word_1_103' title='bbox 1036 749 1230 794; x_wconf 79' lang='lat' dir='ltr'>quaerimus,</span> <span class='ocrx_word' id='word_1_104' title='bbox 1262 760 1318 784; x_wconf 90' lang='lat' dir='ltr'>cur</span> <span class='ocrx_word' id='word_1_105' title='bbox 1343 749 1536 794; x_wconf 81' lang='lat' dir='ltr'>interpretes</span> <span class='ocrx_word' id='word_1_106' title='bbox 1561 748 1684 784; x_wconf 83' lang='lat' dir='ltr'>relictis</span> <span class='ocrx_word' id='word_1_107' title='bbox 1709 747 1825 784; x_wconf 80' lang='lat' dir='ltr'>melio·-</span> 
     </span>
     <span class='ocr_line' id='line_1_14' title="bbox 248 796 1857 843; baseline 0 -11"><span class='ocrx_word' id='word_1_108' title='bbox 248 799 337 832; x_wconf 84' lang='lat' dir='ltr'>ribus</span> <span class='ocrx_word' id='word_1_109' title='bbox 364 798 403 831; x_wconf 85' lang='lat' dir='ltr'>ad</span> <span class='ocrx_word' id='word_1_110' title='bbox 428 797 645 831; x_wconf 87' lang='lat' dir='ltr'>Heinsianum</span> <span class='ocrx_word' id='word_1_111' title='bbox 670 796 834 842; x_wconf 78' lang='lat' dir='ltr'>suspectae</span> <span class='ocrx_word' id='word_1_112' title='bbox 860 797 934 831; x_wconf 80' lang='lat' dir='ltr'>fidei</span> <span class='ocrx_word' id='word_1_113' title='bbox 960 797 1074 832; x_wconf 81' lang='lat' dir='ltr'>librum</span> <span class='ocrx_word' id='word_1_114' title='bbox 1100 798 1316 843; x_wconf 83' lang='lat' dir='ltr'>confugerint,</span> <span class='ocrx_word' id='word_1_115' title='bbox 1350 809 1444 831; x_wconf 87' lang='lat' dir='ltr'>causa</span> <span class='ocrx_word' id='word_1_116' title='bbox 1475 797 1551 831; x_wconf 87' lang='lat' dir='ltr'>inde</span> <span class='ocrx_word' id='word_1_117' title='bbox 1576 798 1670 832; x_wconf 85' lang='lat' dir='ltr'>nobis</span> <span class='ocrx_word' id='word_1_118' title='bbox 1696 798 1825 832; x_wconf 77' lang='lat' dir='ltr'>videtur</span> <span class='ocrx_word' id='word_1_119' title='bbox 1854 816 1857 818; x_wconf 36' lang='lat' dir='ltr'>v</span> 
     </span>
     <span class='ocr_line' id='line_1_15' title="bbox 246 845 1824 892; baseline 0 -12"><span class='ocrx_word' id='word_1_120' title='bbox 246 846 428 892; x_wconf 86' lang='lat' dir='ltr'>repetenda,</span> <span class='ocrx_word' id='word_1_121' title='bbox 463 846 547 890; x_wconf 90' lang='lat' dir='ltr'>quod</span> <span class='ocrx_word' id='word_1_122' title='bbox 581 846 675 880; x_wconf 79' lang='lat' dir='ltr'>verba</span> <span class='ocrx_word' id='word_1_123' title='bbox 708 845 906 880; x_wconf 87' lang='lat' dir='ltr'>invidiae</span> <span class='ocrx_word' id='word_1_124' title='bbox 939 845 1097 880; x_wconf 84' lang='lat' dir='ltr'>fuimus</span> <span class='ocrx_word' id='word_1_125' title='bbox 1131 857 1199 880; x_wconf 92' lang='lat' dir='ltr'>non</span> <span class='ocrx_word' id='word_1_126' title='bbox 1235 849 1317 880; x_wconf 84' lang='lat' dir='ltr'>recte</span> <span class='ocrx_word' id='word_1_127' title='bbox 1350 845 1559 891; x_wconf 73' lang='lat' dir='ltr'>explicarunt.</span> <span class='ocrx_word' id='word_1_128' title='bbox 1628 845 1759 880; x_wconf 80' lang='lat' dir='ltr'>Etenim</span> <span class='ocrx_word' id='word_1_129' title='bbox 1793 846 1824 880; x_wconf 88' lang='lat' dir='ltr'>si</span> 
     </span>
     <span class='ocr_line' id='line_1_16' title="bbox 247 893 1824 940; baseline 0.001 -12"><span class='ocrx_word' id='word_1_130' title='bbox 247 894 467 928; x_wconf 77' lang='lat' dir='ltr'>deficientibus</span> <span class='ocrx_word' id='word_1_131' title='bbox 493 895 630 928; x_wconf 86' lang='lat' dir='ltr'>aliorum</span> <span class='ocrx_word' id='word_1_132' title='bbox 656 895 868 939; x_wconf 79' lang='lat' dir='ltr'>interpretum</span> <span class='ocrx_word' id='word_1_133' title='bbox 894 894 1129 929; x_wconf 83' lang='lat' dir='ltr'>commentariis</span> <span class='ocrx_word' id='word_1_134' title='bbox 1156 895 1343 940; x_wconf 83' lang='lat' dir='ltr'>Hertzbergi</span> <span class='ocrx_word' id='word_1_135' title='bbox 1370 898 1402 928; x_wconf 89' lang='lat' dir='ltr'>et</span> <span class='ocrx_word' id='word_1_136' title='bbox 1425 893 1531 928; x_wconf 79' lang='lat' dir='ltr'>Iacobi</span> <span class='ocrx_word' id='word_1_137' title='bbox 1556 895 1724 929; x_wconf 77' lang='lat' dir='ltr'>versiones</span> <span class='ocrx_word' id='word_1_138' title='bbox 1750 905 1824 940; x_wconf 84' lang='lat' dir='ltr'>ger-</span> 
     </span>
     <span class='ocr_line' id='line_1_17' title="bbox 247 941 1822 987; baseline 0 -11"><span class='ocrx_word' id='word_1_139' title='bbox 247 942 387 977; x_wconf 88' lang='lat' dir='ltr'>manicas</span> <span class='ocrx_word' id='word_1_140' title='bbox 413 942 617 987; x_wconf 86' lang='lat' dir='ltr'>inspicimus,</span> <span class='ocrx_word' id='word_1_141' title='bbox 644 953 779 986; x_wconf 90' lang='lat' dir='ltr'>qnorum</span> <span class='ocrx_word' id='word_1_142' title='bbox 805 942 902 976; x_wconf 85' lang='lat' dir='ltr'>alter:</span> <span class='ocrx_word' id='word_1_143' title='bbox 929 941 1074 976; x_wconf 90' lang='lat' dir='ltr'>sicher</span> <span class='ocrx_word' id='word_1_144' title='bbox 1099 953 1141 976; x_wconf 91' lang='lat' dir='ltr'>es</span> <span class='ocrx_word' id='word_1_145' title='bbox 1167 942 1259 976; x_wconf 82' lang='lat' dir='ltr'>tras</span> <span class='ocrx_word' id='word_1_146' title='bbox 1280 954 1359 976; x_wconf 93' lang='lat' dir='ltr'>uns</span> <span class='ocrx_word' id='word_1_147' title='bbox 1386 943 1457 976; x_wconf 89' lang='lat' dir='ltr'>der</span> <span class='ocrx_word' id='word_1_148' title='bbox 1482 942 1599 982; x_wconf 87' lang='lat' dir='ltr'>neid,</span> <span class='ocrx_word' id='word_1_149' title='bbox 1626 942 1723 976; x_wconf 80' lang='lat' dir='ltr'>alter:</span> <span class='ocrx_word' id='word_1_150' title='bbox 1750 943 1822 976; x_wconf 81' lang='lat' dir='ltr'>das</span> 
     </span>
     <span class='ocr_line' id='line_1_18' title="bbox 247 990 1823 1036; baseline 0.001 -12"><span class='ocrx_word' id='word_1_151' title='bbox 247 990 316 1025; x_wconf 83' lang='lat' dir='ltr'>hat</span> <span class='ocrx_word' id='word_1_152' title='bbox 342 991 412 1025; x_wconf 87' lang='lat' dir='ltr'>ein</span> <span class='ocrx_word' id='word_1_153' title='bbox 439 990 692 1025; x_wconf 84' lang='lat' dir='ltr'>neidisches</span> <span class='ocrx_word' id='word_1_154' title='bbox 718 1001 821 1035; x_wconf 84' lang='lat' dir='ltr'>auge</span> <span class='ocrx_word' id='word_1_155' title='bbox 846 993 969 1036; x_wconf 78' lang='lat' dir='ltr'>getan</span> <span class='ocrx_word' id='word_1_156' title='bbox 996 991 1104 1033; x_wconf 88' lang='lat' dir='ltr'>vertit,</span> <span class='ocrx_word' id='word_1_157' title='bbox 1130 994 1299 1035; x_wconf 86' lang='lat' dir='ltr'>utrumque</span> <span class='ocrx_word' id='word_1_158' title='bbox 1326 991 1363 1024; x_wconf 91' lang='lat' dir='ltr'>de</span> <span class='ocrx_word' id='word_1_159' title='bbox 1381 990 1606 1032; x_wconf 77' lang='lat' dir='ltr'>fascinatione,</span> <span class='ocrx_word' id='word_1_160' title='bbox 1640 1001 1720 1034; x_wconf 87' lang='lat' dir='ltr'>quae</span> <span class='ocrx_word' id='word_1_161' title='bbox 1745 1002 1823 1025; x_wconf 91' lang='lat' dir='ltr'>ocu-</span> 
     </span>
     <span class='ocr_line' id='line_1_19' title="bbox 246 1038 1822 1087; baseline 0.001 -14"><span class='ocrx_word' id='word_1_162' title='bbox 246 1039 351 1073; x_wconf 90' lang='lat' dir='ltr'>lorum</span> <span class='ocrx_word' id='word_1_163' title='bbox 377 1042 505 1084; x_wconf 83' lang='lat' dir='ltr'>aspectu</span> <span class='ocrx_word' id='word_1_164' title='bbox 532 1038 670 1073; x_wconf 88' lang='lat' dir='ltr'>efficitur</span> <span class='ocrx_word' id='word_1_165' title='bbox 695 1038 753 1084; x_wconf 90' lang='lat' dir='ltr'>(cf.</span> <span class='ocrx_word' id='word_1_166' title='bbox 781 1038 895 1075; x_wconf 84' lang='lat' dir='ltr'>Gatull.</span> <span class='ocrx_word' id='word_1_167' title='bbox 924 1039 959 1081; x_wconf 87' lang='lat'>5,</span> <span class='ocrx_word' id='word_1_168' title='bbox 987 1039 1040 1075; x_wconf 80' lang='lat'>12.</span> <span class='ocrx_word' id='word_1_169' title='bbox 1069 1039 1165 1085; x_wconf 75' lang='lat' dir='ltr'>verg.</span> <span class='ocrx_word' id='word_1_170' title='bbox 1192 1040 1246 1075; x_wconf 87' lang='lat' dir='ltr'>ecl.</span> <span class='ocrx_word' id='word_1_171' title='bbox 1275 1040 1342 1082; x_wconf 89' lang='lat'>111,</span> <span class='ocrx_word' id='word_1_172' title='bbox 1372 1038 1452 1074; x_wconf 80' lang='lat'><strong>103.</strong></span> <span class='ocrx_word' id='word_1_173' title='bbox 1478 1038 1565 1073; x_wconf 89' lang='lat' dir='ltr'>Plin.</span> <span class='ocrx_word' id='word_1_174' title='bbox 1592 1039 1671 1080; x_wconf 89' lang='lat' dir='ltr'>Vll,</span> <span class='ocrx_word' id='word_1_175' title='bbox 1698 1039 1734 1082; x_wconf 83' lang='lat'>2,</span> <span class='ocrx_word' id='word_1_176' title='bbox 1759 1038 1822 1087; x_wconf 85' lang='grc'>2.),</span> 
     </span>
     <span class='ocr_line' id='line_1_20' title="bbox 247 1087 1823 1133; baseline 0.001 -11"><span class='ocrx_word' id='word_1_177' title='bbox 247 1088 404 1133; x_wconf 81' lang='lat' dir='ltr'>cogitasse</span> <span class='ocrx_word' id='word_1_178' title='bbox 430 1087 586 1122; x_wconf 86' lang='lat' dir='ltr'>videmus.</span> <span class='ocrx_word' id='word_1_179' title='bbox 635 1087 743 1132; x_wconf 83' lang='lat' dir='ltr'>Atque</span> <span class='ocrx_word' id='word_1_180' title='bbox 767 1089 861 1122; x_wconf 78' lang='lat' dir='ltr'>verba</span> <span class='ocrx_word' id='word_1_181' title='bbox 892 1088 1085 1123; x_wconf 88' lang='lat' dir='ltr'>invidiae</span> <span class='ocrx_word' id='word_1_182' title='bbox 1120 1088 1137 1122; x_wconf 82' lang='lat' dir='ltr'><strong>f</strong></span> <span class='ocrx_word' id='word_1_183' title='bbox 1143 1089 1284 1123; x_wconf 85' lang='lat' dir='ltr'>nimus</span> <span class='ocrx_word' id='word_1_184' title='bbox 1316 1100 1393 1122; x_wconf 90' lang='lat' dir='ltr'>num</span> <span class='ocrx_word' id='word_1_185' title='bbox 1420 1088 1554 1122; x_wconf 89' lang='lat' dir='ltr'>omnino</span> <span class='ocrx_word' id='word_1_186' title='bbox 1580 1087 1613 1121; x_wconf 94' lang='lat' dir='ltr'>id</span> <span class='ocrx_word' id='word_1_187' title='bbox 1638 1088 1823 1133; x_wconf 76' lang='lat' dir='ltr'>significare</span> 
     </span>
     <span class='ocr_line' id='line_1_21' title="bbox 246 1136 1822 1182; baseline 0 -11"><span class='ocrx_word' id='word_1_188' title='bbox 246 1137 388 1181; x_wconf 78' lang='lat' dir='ltr'>possint,</span> <span class='ocrx_word' id='word_1_189' title='bbox 423 1136 507 1180; x_wconf 91' lang='lat' dir='ltr'>quod</span> <span class='ocrx_word' id='word_1_190' title='bbox 542 1136 591 1170; x_wconf 90' lang='lat' dir='ltr'>illi</span> <span class='ocrx_word' id='word_1_191' title='bbox 624 1136 815 1181; x_wconf 82' lang='lat' dir='ltr'>interpretes</span> <span class='ocrx_word' id='word_1_192' title='bbox 848 1140 1084 1182; x_wconf 85' lang='lat' dir='ltr'>expresserunt,</span> <span class='ocrx_word' id='word_1_193' title='bbox 1119 1137 1175 1171; x_wconf 90' lang='lat' dir='ltr'>alii</span> <span class='ocrx_word' id='word_1_194' title='bbox 1201 1138 1395 1172; x_wconf 85' lang='lat' dir='ltr'>diiudicent:</span> <span class='ocrx_word' id='word_1_195' title='bbox 1428 1137 1487 1171; x_wconf 89' lang='lat' dir='ltr'>hoc</span> <span class='ocrx_word' id='word_1_196' title='bbox 1520 1136 1589 1170; x_wconf 86' lang='lat' dir='ltr'>loco</span> <span class='ocrx_word' id='word_1_197' title='bbox 1615 1139 1698 1170; x_wconf 89' lang='lat' dir='ltr'>certe</span> <span class='ocrx_word' id='word_1_198' title='bbox 1723 1136 1822 1171; x_wconf 85' lang='lat' dir='ltr'>alium</span> 
     </span>
     <span class='ocr_line' id='line_1_22' title="bbox 246 1184 1823 1231; baseline 0.001 -13"><span class='ocrx_word' id='word_1_199' title='bbox 246 1185 320 1219; x_wconf 87' lang='lat' dir='ltr'>istis</span> <span class='ocrx_word' id='word_1_200' title='bbox 354 1185 460 1219; x_wconf 85' lang='lat' dir='ltr'>verbis</span> <span class='ocrx_word' id='word_1_201' title='bbox 494 1196 626 1219; x_wconf 90' lang='lat' dir='ltr'>sensum</span> <span class='ocrx_word' id='word_1_202' title='bbox 659 1185 789 1219; x_wconf 84' lang='lat' dir='ltr'>subesse</span> <span class='ocrx_word' id='word_1_203' title='bbox 822 1197 880 1231; x_wconf 83' lang='lat' dir='ltr'>ego</span> <span class='ocrx_word' id='word_1_204' title='bbox 914 1186 1066 1231; x_wconf 86' lang='lat' dir='ltr'>spondeo.</span> <span class='ocrx_word' id='word_1_205' title='bbox 1125 1186 1172 1220; x_wconf 83' lang='lat' dir='ltr'>Ac</span> <span class='ocrx_word' id='word_1_206' title='bbox 1205 1186 1345 1231; x_wconf 88' lang='lat' dir='ltr'>primum</span> <span class='ocrx_word' id='word_1_207' title='bbox 1379 1197 1428 1227; x_wconf 91' lang='lat' dir='ltr'>eo,</span> <span class='ocrx_word' id='word_1_208' title='bbox 1467 1185 1552 1230; x_wconf 89' lang='lat' dir='ltr'>quod</span> <span class='ocrx_word' id='word_1_209' title='bbox 1576 1184 1695 1230; x_wconf 75' lang='lat' dir='ltr'>plurali</span> <span class='ocrx_word' id='word_1_210' title='bbox 1719 1185 1823 1220; x_wconf 80' lang='lat' dir='ltr'>forma</span> 
     </span>
     <span class='ocr_line' id='line_1_23' title="bbox 246 1222 1823 1279; baseline 0.001 -12"><span class='ocrx_word' id='word_1_211' title='bbox 246 1233 406 1268; x_wconf 83' lang='lat' dir='ltr'>fuimus</span> <span class='ocrx_word' id='word_1_212' title='bbox 442 1236 535 1278; x_wconf 88' lang='lat' dir='ltr'>poeta</span> <span class='ocrx_word' id='word_1_213' title='bbox 568 1234 683 1276; x_wconf 86' lang='lat' dir='ltr'>utitur,</span> <span class='ocrx_word' id='word_1_214' title='bbox 719 1245 785 1268; x_wconf 91' lang='lat' dir='ltr'>non</span> <span class='ocrx_word' id='word_1_215' title='bbox 819 1246 854 1268; x_wconf 91' lang='lat' dir='ltr'>se</span> <span class='ocrx_word' id='word_1_216' title='bbox 887 1235 984 1268; x_wconf 90' lang='lat' dir='ltr'>simul</span> <span class='ocrx_word' id='word_1_217' title='bbox 1017 1238 1047 1268; x_wconf 86' lang='lat' dir='ltr'>et</span> <span class='ocrx_word' id='word_1_218' title='bbox 1074 1222 1259 1278; x_wconf 66' lang='lat' dir='ltr'>Gyntffiam,</span> <span class='ocrx_word' id='word_1_219' title='bbox 1292 1238 1328 1268; x_wconf 92' lang='lat' dir='ltr'>ut</span> <span class='ocrx_word' id='word_1_220' title='bbox 1362 1235 1558 1279; x_wconf 84' lang='lat' dir='ltr'>Hertzbergo</span> <span class='ocrx_word' id='word_1_221' title='bbox 1592 1233 1733 1276; x_wconf 87' lang='lat' dir='ltr'>videtur,</span> <span class='ocrx_word' id='word_1_222' title='bbox 1766 1234 1823 1269; x_wconf 82' lang='lat' dir='ltr'>sed</span> 
     </span>
     <span class='ocr_line' id='line_1_24' title="bbox 246 1281 1821 1327; baseline 0.001 -13"><span class='ocrx_word' id='word_1_223' title='bbox 246 1281 351 1315; x_wconf 90' lang='lat' dir='ltr'>solum</span> <span class='ocrx_word' id='word_1_224' title='bbox 384 1293 418 1315; x_wconf 91' lang='lat' dir='ltr'>se</span> <span class='ocrx_word' id='word_1_225' title='bbox 451 1282 558 1326; x_wconf 84' lang='lat' dir='ltr'>ipsum</span> <span class='ocrx_word' id='word_1_226' title='bbox 593 1282 732 1326; x_wconf 83' lang='lat' dir='ltr'>intelligi</span> <span class='ocrx_word' id='word_1_227' title='bbox 767 1282 849 1316; x_wconf 82' lang='lat' dir='ltr'>vult.</span> <span class='ocrx_word' id='word_1_228' title='bbox 907 1282 990 1316; x_wconf 82' lang='lat' dir='ltr'>Tum</span> <span class='ocrx_word' id='word_1_229' title='bbox 1022 1294 1098 1317; x_wconf 80' lang='lat' dir='ltr'>vero</span> <span class='ocrx_word' id='word_1_230' title='bbox 1132 1283 1200 1316; x_wconf 90' lang='lat' dir='ltr'>illis</span> <span class='ocrx_word' id='word_1_231' title='bbox 1235 1284 1340 1317; x_wconf 89' lang='lat' dir='ltr'>verbis</span> <span class='ocrx_word' id='word_1_232' title='bbox 1374 1282 1459 1316; x_wconf 88' lang='lat' dir='ltr'>nihil</span> <span class='ocrx_word' id='word_1_233' title='bbox 1494 1282 1581 1316; x_wconf 87' lang='lat' dir='ltr'>aliud</span> <span class='ocrx_word' id='word_1_234' title='bbox 1606 1282 1821 1327; x_wconf 78' lang='lat' dir='ltr'>significatur,</span> 
     </span>
     <span class='ocr_line' id='line_1_25' title="bbox 247 1330 1822 1375; baseline 0.001 -12"><span class='ocrx_word' id='word_1_235' title='bbox 247 1341 341 1373; x_wconf 87' lang='lat' dir='ltr'>quam</span> <span class='ocrx_word' id='word_1_236' title='bbox 366 1333 493 1375; x_wconf 86' lang='lat' dir='ltr'>poetam</span> <span class='ocrx_word' id='word_1_237' title='bbox 520 1333 698 1374; x_wconf 89' lang='lat' dir='ltr'>propterea,</span> <span class='ocrx_word' id='word_1_238' title='bbox 725 1331 809 1374; x_wconf 90' lang='lat' dir='ltr'>quod</span> <span class='ocrx_word' id='word_1_239' title='bbox 834 1331 1043 1375; x_wconf 87' lang='lat' dir='ltr'>pulcherrima</span> <span class='ocrx_word' id='word_1_240' title='bbox 1069 1331 1169 1365; x_wconf 87' lang='lat' dir='ltr'>amica</span> <span class='ocrx_word' id='word_1_241' title='bbox 1194 1331 1364 1374; x_wconf 83' lang='lat' dir='ltr'>frueretur,</span> <span class='ocrx_word' id='word_1_242' title='bbox 1400 1331 1544 1365; x_wconf 89' lang='lat' dir='ltr'>omnium</span> <span class='ocrx_word' id='word_1_243' title='bbox 1579 1331 1614 1364; x_wconf 90' lang='lat' dir='ltr'>in</span> <span class='ocrx_word' id='word_1_244' title='bbox 1641 1330 1765 1364; x_wconf 82' lang='lat' dir='ltr'>invidia</span> <span class='ocrx_word' id='word_1_245' title='bbox 1791 1334 1822 1364; x_wconf 87' lang='lat' dir='ltr'>et</span> 
     </span>
     <span class='ocr_line' id='line_1_26' title="bbox 246 1377 1822 1422; baseline 0 -10"><span class='ocrx_word' id='word_1_246' title='bbox 246 1377 455 1412; x_wconf 83' lang='lat' dir='ltr'>admiratione</span> <span class='ocrx_word' id='word_1_247' title='bbox 481 1377 594 1413; x_wconf 87' lang='lat' dir='ltr'>fuisse.</span> <span class='ocrx_word' id='word_1_248' title='bbox 645 1378 736 1422; x_wconf 77' lang='lat' dir='ltr'>Quod</span> <span class='ocrx_word' id='word_1_249' title='bbox 763 1379 807 1412; x_wconf 92' lang='lat' dir='ltr'>ita</span> <span class='ocrx_word' id='word_1_250' title='bbox 834 1390 903 1413; x_wconf 91' lang='lat' dir='ltr'>esse</span> <span class='ocrx_word' id='word_1_251' title='bbox 929 1382 997 1413; x_wconf 87' lang='lat' dir='ltr'>toto</span> <span class='ocrx_word' id='word_1_252' title='bbox 1023 1380 1256 1414; x_wconf 84' lang='lat' dir='ltr'>sententiarum</span> <span class='ocrx_word' id='word_1_253' title='bbox 1289 1380 1401 1413; x_wconf 86' lang='lat' dir='ltr'>ordine</span> <span class='ocrx_word' id='word_1_254' title='bbox 1434 1379 1682 1414; x_wconf 87' lang='lat' dir='ltr'>demonstratur.</span> <span class='ocrx_word' id='word_1_255' title='bbox 1734 1378 1822 1413; x_wconf 88' lang='lat' dir='ltr'>Dicit</span> 
     </span>
     <span class='ocr_line' id='line_1_27' title="bbox 246 1426 1821 1474; baseline 0.001 -14"><span class='ocrx_word' id='word_1_256' title='bbox 246 1427 332 1461; x_wconf 89' lang='lat' dir='ltr'>enim</span> <span class='ocrx_word' id='word_1_257' title='bbox 358 1426 547 1472; x_wconf 87' lang='lat' dir='ltr'>Propertius</span> <span class='ocrx_word' id='word_1_258' title='bbox 573 1438 608 1460; x_wconf 87' lang='lat' dir='ltr'>se</span> <span class='ocrx_word' id='word_1_259' title='bbox 634 1427 711 1461; x_wconf 90' lang='lat' dir='ltr'>olim</span> <span class='ocrx_word' id='word_1_260' title='bbox 726 1427 882 1471; x_wconf 80' lang='lat' dir='ltr'>Cynthiae</span> <span class='ocrx_word' id='word_1_261' title='bbox 908 1432 1031 1474; x_wconf 81' lang='lat' dir='ltr'>gratum</span> <span class='ocrx_word' id='word_1_262' title='bbox 1057 1428 1173 1471; x_wconf 89' lang='lat' dir='ltr'>fuisse,</span> <span class='ocrx_word' id='word_1_263' title='bbox 1199 1429 1285 1462; x_wconf 87' lang='lat' dir='ltr'>unde</span> <span class='ocrx_word' id='word_1_264' title='bbox 1307 1428 1425 1462; x_wconf 87' lang='lat' dir='ltr'>factum</span> <span class='ocrx_word' id='word_1_265' title='bbox 1451 1427 1507 1470; x_wconf 88' lang='lat' dir='ltr'>sit,</span> <span class='ocrx_word' id='word_1_266' title='bbox 1533 1430 1570 1462; x_wconf 89' lang='lat' dir='ltr'>ut</span> <span class='ocrx_word' id='word_1_267' title='bbox 1595 1426 1653 1461; x_wconf 90' lang='lat' dir='ltr'>illo</span> <span class='ocrx_word' id='word_1_268' title='bbox 1679 1430 1821 1473; x_wconf 86' lang='lat' dir='ltr'>tempore</span> 
     </span>
     <span class='ocr_line' id='line_1_28' title="bbox 245 1475 1820 1522; baseline 0.001 -14"><span class='ocrx_word' id='word_1_269' title='bbox 245 1476 367 1512; x_wconf 89' lang='lat' dir='ltr'>nemini</span> <span class='ocrx_word' id='word_1_270' title='bbox 394 1475 578 1519; x_wconf 82' lang='lat' dir='ltr'>contigerit,</span> <span class='ocrx_word' id='word_1_271' title='bbox 605 1479 640 1509; x_wconf 88' lang='lat' dir='ltr'>ut</span> <span class='ocrx_word' id='word_1_272' title='bbox 664 1476 764 1510; x_wconf 90' lang='lat' dir='ltr'>simili</span> <span class='ocrx_word' id='word_1_273' title='bbox 790 1477 852 1510; x_wconf 86' lang='lat' dir='ltr'>fide</span> <span class='ocrx_word' id='word_1_274' title='bbox 876 1489 980 1511; x_wconf 84' lang='lat' dir='ltr'>amare</span> <span class='ocrx_word' id='word_1_275' title='bbox 1005 1481 1126 1522; x_wconf 87' lang='lat' dir='ltr'>posset,</span> <span class='ocrx_word' id='word_1_276' title='bbox 1166 1480 1198 1511; x_wconf 88' lang='lat' dir='ltr'>et</span> <span class='ocrx_word' id='word_1_277' title='bbox 1222 1478 1293 1522; x_wconf 89' lang='lat' dir='ltr'>ipse</span> <span class='ocrx_word' id='word_1_278' title='bbox 1318 1488 1460 1511; x_wconf 88' lang='lat' dir='ltr'>summae</span> <span class='ocrx_word' id='word_1_279' title='bbox 1494 1476 1636 1511; x_wconf 84' lang='lat' dir='ltr'>invidiae</span> <span class='ocrx_word' id='word_1_280' title='bbox 1661 1476 1684 1511; x_wconf 90' lang='lat' dir='ltr'>i.</span> <span class='ocrx_word' id='word_1_281' title='bbox 1711 1487 1738 1512; x_wconf 89' lang='lat' dir='ltr'>e.</span> <span class='ocrx_word' id='word_1_282' title='bbox 1764 1476 1820 1510; x_wconf 83' lang='lat' dir='ltr'>ad-</span> 
     </span>
     <span class='ocr_line' id='line_1_29' title="bbox 244 1523 1820 1571; baseline 0.001 -14"><span class='ocrx_word' id='word_1_283' title='bbox 244 1524 409 1557; x_wconf 85' lang='lat' dir='ltr'>mirationi</span> <span class='ocrx_word' id='word_1_284' title='bbox 435 1523 543 1557; x_wconf 84' lang='lat' dir='ltr'>fuerit.</span> <span class='ocrx_word' id='word_1_285' title='bbox 583 1523 673 1560; x_wconf 77' lang='lat' dir='ltr'>Hanc</span> <span class='ocrx_word' id='word_1_286' title='bbox 699 1524 759 1558; x_wconf 89' lang='lat' dir='ltr'>loci</span> <span class='ocrx_word' id='word_1_287' title='bbox 787 1525 892 1559; x_wconf 89' lang='lat' dir='ltr'>nostri</span> <span class='ocrx_word' id='word_1_288' title='bbox 918 1525 1110 1559; x_wconf 85' lang='lat' dir='ltr'>sententiam</span> <span class='ocrx_word' id='word_1_289' title='bbox 1132 1537 1202 1559; x_wconf 88' lang='lat' dir='ltr'>esse</span> <span class='ocrx_word' id='word_1_290' title='bbox 1222 1526 1324 1571; x_wconf 87' lang='lat' dir='ltr'>magis</span> <span class='ocrx_word' id='word_1_291' title='bbox 1344 1525 1440 1558; x_wconf 87' lang='lat' dir='ltr'>etiarn</span> <span class='ocrx_word' id='word_1_292' title='bbox 1466 1525 1529 1559; x_wconf 86' lang='lat' dir='ltr'>tibi</span> <span class='ocrx_word' id='word_1_293' title='bbox 1555 1524 1820 1569; x_wconf 77' lang='lat' dir='ltr'>comprobabitur,</span> 
     </span>
     <span class='ocr_line' id='line_1_30' title="bbox 245 1572 1080 1618; baseline 0.004 -13"><span class='ocrx_word' id='word_1_294' title='bbox 245 1572 272 1605; x_wconf 88' lang='lat' dir='ltr'>si</span> <span class='ocrx_word' id='word_1_295' title='bbox 299 1572 358 1606; x_wconf 87' lang='lat' dir='ltr'>hos</span> <span class='ocrx_word' id='word_1_296' title='bbox 385 1572 471 1606; x_wconf 85' lang='lat' dir='ltr'>locos</span> <span class='ocrx_word' id='word_1_297' title='bbox 498 1572 602 1605; x_wconf 86' lang='lat' dir='ltr'>nostri</span> <span class='ocrx_word' id='word_1_298' title='bbox 629 1572 814 1607; x_wconf 88' lang='lat' dir='ltr'>simillimos</span> <span class='ocrx_word' id='word_1_299' title='bbox 840 1574 1080 1618; x_wconf 88' lang='lat' dir='ltr'>comparaveris.</span> 
     </span>
    </p>
   </div>
   <div class='ocr_carea' id='block_1_9' title="bbox 253 1627 1770 1967">
    <p class='ocr_par' dir='ltr' id='par_1_9' title="bbox 253 1627 1770 1967">
     <span class='ocr_line' id='line_1_31' title="bbox 366 1627 1770 1672; baseline 0.001 -11"><span class='ocrx_word' id='word_1_300' title='bbox 366 1628 432 1670; x_wconf 87' lang='lat'>111,</span> <span class='ocrx_word' id='word_1_301' title='bbox 461 1627 518 1670; x_wconf 87' lang='lat'>17,</span> <span class='ocrx_word' id='word_1_302' title='bbox 547 1629 601 1663; x_wconf 89' lang='lat'>11.</span> <span class='ocrx_word' id='word_1_303' title='bbox 642 1628 741 1672; x_wconf 76' lang='lat' dir='ltr'>Quem</span> <span class='ocrx_word' id='word_1_304' title='bbox 768 1630 861 1663; x_wconf 91' lang='lat' dir='ltr'>modo</span> <span class='ocrx_word' id='word_1_305' title='bbox 886 1629 1057 1664; x_wconf 87' lang='lat' dir='ltr'>felicem</span> <span class='ocrx_word' id='word_1_306' title='bbox 1083 1631 1257 1664; x_wconf 88' lang='lat' dir='ltr'>invidia</span> <span class='ocrx_word' id='word_1_307' title='bbox 1283 1631 1528 1665; x_wconf 85' lang='lat' dir='ltr'>admirante</span> <span class='ocrx_word' id='word_1_308' title='bbox 1553 1630 1770 1672; x_wconf 77' lang='lat' dir='ltr'>ferebant,</span> 
     </span>
     <span class='ocr_line' id='line_1_32' title="bbox 691 1676 1531 1725; baseline 0.001 -14"><span class='ocrx_word' id='word_1_309' title='bbox 691 1676 808 1712; x_wconf 91' lang='lat' dir='ltr'>Nunc</span> <span class='ocrx_word' id='word_1_310' title='bbox 834 1678 953 1712; x_wconf 90' lang='lat' dir='ltr'>decimo</span> <span class='ocrx_word' id='word_1_311' title='bbox 979 1679 1131 1713; x_wconf 89' lang='lat' dir='ltr'>admittor</span> <span class='ocrx_word' id='word_1_312' title='bbox 1155 1679 1209 1713; x_wconf 83' lang='lat' dir='ltr'>vix</span> <span class='ocrx_word' id='word_1_313' title='bbox 1236 1690 1293 1725; x_wconf 85' lang='lat' dir='ltr'>ego</span> <span class='ocrx_word' id='word_1_314' title='bbox 1320 1690 1446 1724; x_wconf 87' lang='lat' dir='ltr'>quoque</span> <span class='ocrx_word' id='word_1_315' title='bbox 1471 1678 1531 1714; x_wconf 90' lang='lat' dir='ltr'>die.</span> 
     </span>
     <span class='ocr_line' id='line_1_33' title="bbox 367 1725 1647 1773; baseline 0.002 -14"><span class='ocrx_word' id='word_1_316' title='bbox 367 1725 433 1766; x_wconf 87' lang='grc' dir='ltr'>ΙΙΙ,</span> <span class='ocrx_word' id='word_1_317' title='bbox 461 1726 519 1767; x_wconf 84' lang='grc'>26,</span> <span class='ocrx_word' id='word_1_318' title='bbox 547 1725 603 1759; x_wconf 88' lang='grc'>21.</span> <span class='ocrx_word' id='word_1_319' title='bbox 642 1725 734 1760; x_wconf 88' lang='lat' dir='ltr'>Nunc</span> <span class='ocrx_word' id='word_1_320' title='bbox 759 1727 1048 1769; x_wconf 88' lang='lat' dir='ltr'>admirentur,</span> <span class='ocrx_word' id='word_1_321' title='bbox 1076 1728 1161 1772; x_wconf 89' lang='lat' dir='ltr'>quod</span> <span class='ocrx_word' id='word_1_322' title='bbox 1188 1731 1253 1762; x_wconf 88' lang='lat' dir='ltr'>tam</span> <span class='ocrx_word' id='word_1_323' title='bbox 1278 1726 1357 1762; x_wconf 85' lang='lat' dir='ltr'>mihi</span> <span class='ocrx_word' id='word_1_324' title='bbox 1385 1727 1517 1773; x_wconf 85' lang='lat' dir='ltr'>pulchra</span> <span class='ocrx_word' id='word_1_325' title='bbox 1542 1727 1647 1773; x_wconf 90' lang='lat' dir='ltr'>puella</span> 
     </span>
     <span class='ocr_line' id='line_1_34' title="bbox 689 1775 1393 1821; baseline 0.004 -13"><span class='ocrx_word' id='word_1_326' title='bbox 689 1775 817 1808; x_wconf 85' lang='lat' dir='ltr'>Serviat</span> <span class='ocrx_word' id='word_1_327' title='bbox 842 1779 873 1809; x_wconf 91' lang='lat' dir='ltr'>et</span> <span class='ocrx_word' id='word_1_328' title='bbox 898 1778 965 1809; x_wconf 91' lang='lat' dir='ltr'>tota</span> <span class='ocrx_word' id='word_1_329' title='bbox 991 1776 1075 1809; x_wconf 89' lang='lat' dir='ltr'>dicar</span> <span class='ocrx_word' id='word_1_330' title='bbox 1100 1777 1137 1810; x_wconf 86' lang='lat' dir='ltr'>in</span> <span class='ocrx_word' id='word_1_331' title='bbox 1162 1777 1238 1811; x_wconf 87' lang='lat' dir='ltr'>urbe</span> <span class='ocrx_word' id='word_1_332' title='bbox 1263 1780 1393 1821; x_wconf 88' lang='lat' dir='ltr'>potens.</span> 
     </span>
     <span class='ocr_line' id='line_1_35' title="bbox 253 1822 1479 1869; baseline 0.002 -13"><span class='ocrx_word' id='word_1_333' title='bbox 253 1822 371 1858; x_wconf 85' lang='lat' dir='ltr'>Tibull.</span> <span class='ocrx_word' id='word_1_334' title='bbox 399 1822 458 1863; x_wconf 82' lang='lat' dir='ltr'>lv,</span> <span class='ocrx_word' id='word_1_335' title='bbox 489 1822 545 1863; x_wconf 83' lang='lat'>13,</span> <span class='ocrx_word' id='word_1_336' title='bbox 573 1822 602 1857; x_wconf 86' lang='lat'>5.</span> <span class='ocrx_word' id='word_1_337' title='bbox 643 1822 749 1866; x_wconf 83' lang='lat' dir='ltr'>Atque</span> <span class='ocrx_word' id='word_1_338' title='bbox 774 1823 899 1858; x_wconf 90' lang='lat' dir='ltr'>utinam</span> <span class='ocrx_word' id='word_1_339' title='bbox 923 1835 1035 1869; x_wconf 87' lang='lat' dir='ltr'>posses</span> <span class='ocrx_word' id='word_1_340' title='bbox 1061 1825 1119 1858; x_wconf 93' lang='lat' dir='ltr'>uni</span> <span class='ocrx_word' id='word_1_341' title='bbox 1147 1825 1228 1859; x_wconf 87' lang='lat' dir='ltr'>mihi</span> <span class='ocrx_word' id='word_1_342' title='bbox 1255 1825 1335 1859; x_wconf 84' lang='lat' dir='ltr'>bella</span> <span class='ocrx_word' id='word_1_343' title='bbox 1360 1825 1479 1860; x_wconf 84' lang='lat' dir='ltr'>videri!</span> 
     </span>
     <span class='ocr_line' id='line_1_36' title="bbox 678 1871 1334 1918; baseline 0.003 -13"><span class='ocrx_word' id='word_1_344' title='bbox 678 1871 857 1917; x_wconf 87' lang='lat' dir='ltr'>Displiceas</span> <span class='ocrx_word' id='word_1_345' title='bbox 882 1872 969 1913; x_wconf 88' lang='lat' dir='ltr'>aliis,</span> <span class='ocrx_word' id='word_1_346' title='bbox 995 1873 1041 1907; x_wconf 84' lang='lat' dir='ltr'>sic</span> <span class='ocrx_word' id='word_1_347' title='bbox 1066 1884 1125 1918; x_wconf 85' lang='lat' dir='ltr'>ego</span> <span class='ocrx_word' id='word_1_348' title='bbox 1152 1877 1243 1908; x_wconf 85' lang='lat' dir='ltr'>tutus</span> <span class='ocrx_word' id='word_1_349' title='bbox 1270 1885 1334 1907; x_wconf 90' lang='lat' dir='ltr'>ero.</span> 
     </span>
     <span class='ocr_line' id='line_1_37' title="bbox 641 1920 1630 1967; baseline 0.002 -13"><span class='ocrx_word' id='word_1_350' title='bbox 641 1920 695 1954; x_wconf 89' lang='lat' dir='ltr'>Nil</span> <span class='ocrx_word' id='word_1_351' title='bbox 721 1932 802 1965; x_wconf 87' lang='lat' dir='ltr'>opus</span> <span class='ocrx_word' id='word_1_352' title='bbox 829 1921 999 1955; x_wconf 85' lang='lat' dir='ltr'>invidia</span> <span class='ocrx_word' id='word_1_353' title='bbox 1025 1925 1086 1964; x_wconf 88' lang='lat' dir='ltr'>est,</span> <span class='ocrx_word' id='word_1_354' title='bbox 1112 1923 1224 1967; x_wconf 91' lang='lat' dir='ltr'>procul</span> <span class='ocrx_word' id='word_1_355' title='bbox 1251 1923 1335 1957; x_wconf 76' lang='lat' dir='ltr'>absit</span> <span class='ocrx_word' id='word_1_356' title='bbox 1361 1922 1505 1967; x_wconf 84' lang='lat' dir='ltr'>gloria</span> <span class='ocrx_word' id='word_1_357' title='bbox 1531 1922 1630 1967; x_wconf 83' lang='lat' dir='ltr'>volgi.</span> 
     </span>
    </p>
   </div>
   <div class='ocr_carea' id='block_1_10' title="bbox 245 1976 1819 2073">
    <p class='ocr_par' dir='ltr' id='par_1_10' title="bbox 245 1976 1819 2073">
     <span class='ocr_line' id='line_1_38' title="bbox 366 1976 1819 2025; baseline 0.004 -15"><span class='ocrx_word' id='word_1_358' title='bbox 366 1976 428 2010; x_wconf 81' lang='lat' dir='ltr'>His</span> <span class='ocrx_word' id='word_1_359' title='bbox 455 1978 610 2022; x_wconf 82' lang='lat' dir='ltr'>expositis</span> <span class='ocrx_word' id='word_1_360' title='bbox 638 1989 703 2011; x_wconf 90' lang='lat' dir='ltr'>non</span> <span class='ocrx_word' id='word_1_361' title='bbox 730 1977 857 2011; x_wconf 85' lang='lat' dir='ltr'>dubium</span> <span class='ocrx_word' id='word_1_362' title='bbox 883 1989 954 2011; x_wconf 89' lang='lat' dir='ltr'>esse</span> <span class='ocrx_word' id='word_1_363' title='bbox 978 1981 1097 2023; x_wconf 88' lang='lat' dir='ltr'>potest,</span> <span class='ocrx_word' id='word_1_364' title='bbox 1134 1980 1213 2023; x_wconf 90' lang='lat' dir='ltr'>quin</span> <span class='ocrx_word' id='word_1_365' title='bbox 1249 1980 1362 2025; x_wconf 88' lang='lat' dir='ltr'>optimi</span> <span class='ocrx_word' id='word_1_366' title='bbox 1396 1980 1513 2014; x_wconf 89' lang='lat' dir='ltr'>codicis</span> <span class='ocrx_word' id='word_1_367' title='bbox 1548 1979 1771 2024; x_wconf 85' lang='lat' dir='ltr'>compendium</span> <span class='ocrx_word' id='word_1_368' title='bbox 1796 1978 1819 2016; x_wconf 74' lang='grc' dir='ltr'>’ἷι</span> 
     </span>
     <span class='ocr_line' id='line_1_39' title="bbox 245 2026 1475 2073; baseline 0.004 -16"><span class='ocrx_word' id='word_1_369' title='bbox 245 2035 300 2069; x_wconf 88' lang='lat' dir='ltr'>per</span> <span class='ocrx_word' id='word_1_370' title='bbox 326 2035 435 2058; x_wconf 91' lang='lat' dir='ltr'>nunc</span> <span class='ocrx_word' id='word_1_371' title='bbox 461 2026 750 2059; x_wconf 79' lang='lat' dir='ltr'>transscribendum</span> <span class='ocrx_word' id='word_1_372' title='bbox 776 2026 829 2059; x_wconf 89' lang='lat' dir='ltr'>sit.</span> <span class='ocrx_word' id='word_1_373' title='bbox 881 2026 991 2059; x_wconf 84' lang='lat' dir='ltr'>Redde</span> <span class='ocrx_word' id='word_1_374' title='bbox 1017 2026 1117 2071; x_wconf 82' lang='lat' dir='ltr'>igitur</span> <span class='ocrx_word' id='word_1_375' title='bbox 1142 2027 1332 2073; x_wconf 85' lang='lat' dir='ltr'>Propertio:</span> <span class='ocrx_word' id='word_1_376' title='bbox 1471 2037 1475 2041; x_wconf 88' lang='lat'>·</span> 
     </span>
    </p>
   </div>
   <div class='ocr_carea' id='block_1_11' title="bbox 645 2081 1664 2276">
    <p class='ocr_par' dir='ltr' id='par_1_11' title="bbox 645 2081 1617 2177">
     <span class='ocr_line' id='line_1_40' title="bbox 645 2081 1617 2129; baseline 0.002 -13"><span class='ocrx_word' id='word_1_377' title='bbox 645 2081 755 2116; x_wconf 86' lang='lat' dir='ltr'>Olim</span> <span class='ocrx_word' id='word_1_378' title='bbox 781 2085 890 2128; x_wconf 81' lang='lat' dir='ltr'>gratus</span> <span class='ocrx_word' id='word_1_379' title='bbox 917 2093 1019 2126; x_wconf 79' lang='lat' dir='ltr'>eram3</span> <span class='ocrx_word' id='word_1_380' title='bbox 1046 2094 1113 2117; x_wconf 88' lang='lat' dir='ltr'>uon</span> <span class='ocrx_word' id='word_1_381' title='bbox 1141 2084 1225 2118; x_wconf 93' lang='lat' dir='ltr'>illo</span> <span class='ocrx_word' id='word_1_382' title='bbox 1253 2087 1445 2129; x_wconf 86' lang='lat' dir='ltr'>tempore</span> <span class='ocrx_word' id='word_1_383' title='bbox 1471 2085 1617 2128; x_wconf 89' lang='lat' dir='ltr'>cuiquam</span> 
     </span>
     <span class='ocr_line' id='line_1_41' title="bbox 694 2131 1411 2177; baseline 0.003 -13"><span class='ocrx_word' id='word_1_384' title='bbox 694 2131 849 2176; x_wconf 82' lang='lat' dir='ltr'>contigit,</span> <span class='ocrx_word' id='word_1_385' title='bbox 876 2134 912 2164; x_wconf 90' lang='lat' dir='ltr'>ut</span> <span class='ocrx_word' id='word_1_386' title='bbox 937 2131 1037 2165; x_wconf 88' lang='lat' dir='ltr'>simili</span> <span class='ocrx_word' id='word_1_387' title='bbox 1062 2135 1175 2176; x_wconf 82' lang='lat' dir='ltr'>posset</span> <span class='ocrx_word' id='word_1_388' title='bbox 1201 2144 1305 2166; x_wconf 88' lang='lat' dir='ltr'>amare</span> <span class='ocrx_word' id='word_1_389' title='bbox 1331 2133 1411 2177; x_wconf 82' lang='lat' dir='ltr'>fide3</span> 
     </span>
    </p>

    <p class='ocr_par' dir='ltr' id='par_1_12' title="bbox 645 2178 1664 2276">
     <span class='ocr_line' id='line_1_42' title="bbox 645 2178 1664 2226; baseline 0.003 -13"><span class='ocrx_word' id='word_1_390' title='bbox 645 2179 789 2214; x_wconf 79' lang='lat' dir='ltr'>invidiae</span> <span class='ocrx_word' id='word_1_391' title='bbox 814 2178 986 2214; x_wconf 77' lang='lat' dir='ltr'>fuimus.</span> <span class='ocrx_word' id='word_1_392' title='bbox 1035 2179 1154 2215; x_wconf 89' lang='lat' dir='ltr'>Nunc</span> <span class='ocrx_word' id='word_1_393' title='bbox 1179 2193 1228 2215; x_wconf 82' lang='lat' dir='ltr'>me</span> <span class='ocrx_word' id='word_1_394' title='bbox 1257 2182 1334 2215; x_wconf 88' lang='lat' dir='ltr'>deus</span> <span class='ocrx_word' id='word_1_395' title='bbox 1361 2180 1490 2216; x_wconf 66' lang='lat' dir='ltr'>obruit?</span> <span class='ocrx_word' id='word_1_396' title='bbox 1517 2193 1557 2216; x_wconf 92' lang='lat' dir='ltr'>an</span> <span class='ocrx_word' id='word_1_397' title='bbox 1585 2193 1664 2226; x_wconf 89' lang='lat' dir='ltr'>quae</span> 
     </span>
     <span class='ocr_line' id='line_1_43' title="bbox 690 2227 1411 2276; baseline 0.001 -13"><span class='ocrx_word' id='word_1_398' title='bbox 690 2227 785 2263; x_wconf 82' lang='lat' dir='ltr'>Lecta</span> <span class='ocrx_word' id='word_1_399' title='bbox 810 2228 1009 2263; x_wconf 85' lang='lat' dir='ltr'>Prometheis</span> <span class='ocrx_word' id='word_1_400' title='bbox 1036 2228 1154 2264; x_wconf 86' lang='lat' dir='ltr'>dividit</span> <span class='ocrx_word' id='word_1_401' title='bbox 1180 2230 1274 2265; x_wconf 85' lang='lat' dir='ltr'>herba</span> <span class='ocrx_word' id='word_1_402' title='bbox 1301 2229 1411 2276; x_wconf 68' lang='lat' dir='ltr'>iugis?</span> 
     </span>
    </p>
   </div>
   <div class='ocr_carea' id='block_1_12' title="bbox 1938 0 2118 237">
    <p class='ocr_par' dir='ltr' id='par_1_13' title="bbox 1938 0 2118 237">
     <span class='ocr_line' id='line_1_44' title="bbox 1938 0 2118 237; baseline 0 2461"><span class='ocrx_word' id='word_1_403' title='bbox 1938 0 2118 237; x_wconf 95' lang='lat' dir='ltr'> </span> 
     </span>
    </p>
   </div>
  </div>
 </body>
</html>
