2118 2698
1020 208 1059 239 27

250 320 284 343 se
310 320 366 353 per
391 311 501 342 noctes
527 308 677 342 hibernas
704 307 853 353 operibus
879 308 917 341 ad
942 318 1036 341 usum
1061 310 1255 341 castrensem
1280 306 1499 351 spectantibus
1531 306 1668 341 deditam
1704 318 1776 342 esse
1800 311 1833 342 et

250 360 359 400 „secta
384 356 503 392 vellera
529 356 627 400 Tyria
652 356 688 391 in
714 356 838 402 gladios
864 358 992 391 suere.“
1044 356 1159 390 Secta
1193 357 1298 389 autem
1329 354 1481 389 vellera
1508 353 1633 399 Tyria
1658 359 1737 391 sunt
1762 359 1830 391 tae—

249 406 322 440 niae
347 405 426 439 corii
451 416 594 450 purpura
619 405 717 448 Tyria
743 405 849 446 tincti,
884 416 921 438 ex
948 405 1062 447 quibus
1088 415 1169 438 uxor
1194 404 1308 438 marito
1336 403 1473 437 balteum
1507 403 1578 438 sive
1602 404 1724 439 balteos
1749 417 1830 440 eon-

250 456 362 487 sutura
389 456 468 495 erat,
494 453 579 487 unde
605 453 730 498 gladius
754 452 918 498 penderet.
973 451 1195 497 (Germanicez
1228 452 1319 493 „und
1346 451 1396 485 ich
1429 451 1511 484 nahe
1536 463 1701 496 purpurae
1726 453 1830 487 leder-

249 500 381 535 streifen
407 501 462 535 fiir
487 501 537 535 die
562 500 734 536 schwerter
759 502 782 537 i.
810 512 836 534 e.
863 511 901 535 zu
928 500 1239 546 schwertgur'tew‘.)
1291 499 1450 533 Sutiles
1476 499 1579 533 fuisse
1606 500 1726 535 balteos
1752 513 1829 547 eog—

248 560 362 584 nosces
397 561 433 583 ex
468 549 563 595 Verg.
591 550 672 586 Aen.
699 549 783 592 XII,
814 549 910 590 273„
944 559 959 581 e
991 549 1108 582 corio
1142 548 1282 582 factos
1317 559 1354 581 ex
1388 547 1494 592 ipsius
1527 547 1689 593 Propertii
1724 549 1828 584 verbis

249 596 290 639 V,
320 597 376 639 10,
404 597 468 632 22:
501 597 696 632 Praebebunt
729 597 811 633 caesi
844 597 945 631 baltea
980 597 1065 631 lenta
1091 597 1198 631 boves.
1250 595 1508 647 Praepositionis
1543 599 1648 630 autem
1680 597 1723 631 in
1749 609 1828 632 usus

247 646 355 680 finalis
395 658 465 681 cum
498 647 543 680 sit
576 646 858 691 frequentissimus
897 646 980 691 apud
1015 645 1219 691 Propertium
1257 644 1314 690 (cf.
1352 643 1483 680 Hertzb.
1524 648 1645 689 quaest.
1681 644 1827 692 Propert.

247 706 280 740 1).
309 695 408 741 133.)
436 706 539 739 neque
565 696 602 729 ab
628 694 702 729 aliis
728 695 833 740 poetis
860 694 997 731 alienus
1024 706 1090 728 non
1118 697 1178 735 est,
1206 707 1261 728 cur
1286 694 1415 728 uberius
1442 693 1479 726 de
1501 706 1535 728 ea
1560 705 1594 727 re
1621 694 1828 730 disseramus.

249 742 368 777 Confer
393 746 499 777 tamen
526 743 661 789 exempli
688 744 789 789 gratia
815 743 912 789 Prop.
939 742 999 784 lv,
1026 743 1060 781 9..
1091 742 1145 778 18.
1177 743 1233 786 17,
1261 743 1317 778 38.
1346 741 1405 783 20,
1433 742 1490 779 25.
1518 743 1613 788 Verg.
1642 743 1724 779 Aen.
1749 743 1828 785 VII,

250 792 304 827 13.
341 791 436 827 ovid.
463 795 535 827 met.
565 792 645 834 VII,
672 791 753 827 613.
789 791 851 834 Xl,
885 791 956 831 28„
989 793 1123 826 maxime
1159 795 1263 826 autem
1297 791 1443 836 Propert.
1479 791 1539 832 lv,
1573 791 1607 833 3,
1641 791 1706 826 35:
1743 792 1829 826 Haec

248 839 379 874 hederas
413 840 492 885 legit
526 841 568 874 in
603 841 782 884 thyrsos
823 841 844 876 i.
882 851 907 875 c.
943 840 1016 874 haec
1049 840 1129 885 legit
1162 840 1292 874 frondes
1331 840 1528 881 hederaceas,
1568 840 1683 883 quibus
1722 840 1827 884 thyrsi

248 891 414 923 ornentur.

904 961 945 1003 v,
972 960 1006 1003 5,
1035 960 1088 996 19.
1118 959 1175 995 20.

489 1021 701 1055 Exorabat
728 1034 831 1066 opus
859 1022 1021 1064 verbis,
1048 1033 1119 1055 ceu
1148 1022 1299 1054 blanda
1325 1025 1524 1065 pererrat

539 1070 824 1113 Saxosamque
851 1070 959 1104 terit
985 1069 1132 1104 sedula
1159 1069 1328 1114 lympha
1354 1070 1475 1104 viam.

368 1131 422 1165 Sic
435 1131 555 1176 legitur
567 1130 626 1164 hoc
640 1130 801 1164 distichon
821 1131 856 1164 in
874 1132 920 1164 eis
941 1131 1147 1173 editionibus,
1171 1142 1249 1185 (11136
1268 1142 1353 1164 nunc
1372 1133 1451 1164 sunt
1471 1131 1621 1186 optimae,
1642 1131 1826 1176 Hauptiana

247 1182 277 1213 et
303 1179 505 1214 Miilleriana.
558 1179 676 1213 verum
703 1180 731 1212 si
756 1180 878 1213 codices
904 1182 1028 1225 msptos
1054 1180 1247 1224 inspexeris,
1282 1178 1378 1224 longe
1403 1178 1464 1212 alia
1491 1180 1649 1215 invenies.
1701 1180 1764 1214 Pro
1790 1192 1825 1214 eo

246 1228 347 1271 enim,
371 1228 456 1272 quod
482 1231 530 1262 est
556 1231 770 1273 pererrat,
797 1228 876 1263 liber
900 1228 939 1264 N.
967 1239 1135 1274 perure,
1170 1228 1225 1262 alii
1252 1228 1339 1264 codd.
1368 1231 1423 1262 3111
1448 1232 1622 1273 peruret
1648 1232 1701 1263 aut
1728 1241 1826 1274 per-

245 1280 340 1311 urat
373 1281 427 1310 aut
462 1277 598 1319 denique
631 1277 797 1321 periret
831 1277 998 1320 exhibent3
1034 1289 1091 1321 pro
1124 1277 1230 1310 terit
1261 1277 1295 1310 in
1331 1277 1479 1310 omnibus
1506 1277 1571 1310 fere
1598 1278 1689 1311 libris
1716 1278 1826 1312 ferat

246 1328 276 1357 et
302 1336 359 1370 pro
388 1325 576 1369 lympha,
604 1325 687 1368 quod
714 1325 773 1358 11111
789 1325 984 1370 interpolato
1003 1325 1101 1358 codici
1120 1325 1300 1359 Heinsiano
1328 1325 1469 1365 debetur,
1496 1325 1531 1358 in
1550 1325 1685 1369 reliquis
1703 1326 1825 1381 ..culpa

245 1374 400 1418 scriptum
434 1377 494 1407 est.
547 1373 688 1418 Apparet
722 1374 823 1418 igitur
857 1377 956 1407 totam
989 1374 1194 1415 sententiam,
1230 1385 1309 1417 quae
1341 1369 1459 1415 fremis,
1493 1376 1529 1407 ut
1564 1374 1597 1407 111
1633 1375 1823 1408 novissimis

246 1422 441 1455 editionibus
466 1421 629 1465 leguntur,
664 1422 858 1462 continetur,
894 1433 978 1455 mera
1012 1422 1189 1455 coniectura
1223 1422 1296 1455 niti.
1348 1421 1397 1454 Ex
1425 1422 1483 1459 eis
1512 1433 1589 1464 quae
1616 1423 1741 1466 integra
1766 1423 1824 1456 ha—

246 1469 344 1503 benda
371 1472 460 1511 sunt⁷
487 1469 572 1503 nihil
598 1473 745 1504 constare
771 1470 864 1503 nobis
890 1470 1028 1515 videtur,
1061 1470 1127 1503 nisi
1154 1470 1213 1503 hoc
1240 1470 1277 1502 de
1303 1481 1416 1503 saxosa
1444 1470 1496 1503 via
1523 1471 1652 1504 terenda
1679 1471 1747 1504 sive
1773 1483 1824 1505 ca—

245 1518 347 1551 vanda
373 1529 553 1559 sermonem
579 1518 691 1553 fuisse.
744 1518 835 1562 Quod
861 1519 889 1552 si
917 1530 1026 1552 verum
1052 1522 1112 1560 est,
1146 1519 1255 1563 negari
1283 1519 1408 1562 quidem
1436 1530 1503 1552 11011
1530 1521 1637 1563 potest
1663 1520 1822 1553 terendi

246 1566 375 1599 verbum
402 1566 474 1599 huic
500 1566 568 1599 loco
596 1578 660 1600 non
690 1568 833 1611 ineptum
861 1578 946 1601 esse:
974 1567 1029 1600 sed
1054 1570 1159 1600 tamen
1187 1568 1323 1605 litterae,
1349 1578 1429 1609 quae
1456 1570 1534 1600 sunt
1560 1568 1685 1606 terit,
1713 1579 1729 1601 a
1756 1571 1822 1601 tra*

245 1614 309 1648 dita
335 1614 492 1659 scriptura
519 1614 619 1648 ferat
646 1618 710 1649 tam
737 1615 881 1649 diversae
899 1620 988 1657 sunt,
1014 1618 1049 1649 ut
1073 1627 1151 1649 sane
1177 1616 1320 1650 dubitare
1346 1616 1450 1656 111631,
1485 1627 1524 1649 311
1551 1619 1644 1660 110613
1670 1616 1715 1649 113
1741 1616 1822 1650 scri-

244 1663 355 1708 pserit.
395 1663 546 1697 Ac.mihi
565 1664 691 1707 quidem
717 1664 797 1697 illud
823 1664 839 1698 f
847 1667 936 1698 erat
962 1676 999 1698 ex
1025 1664 1086 1697 alio
1113 1666 1222 1707 verbo,
1250 1665 1331 1708 quod
1358 1664 1444 1697 ultro
1466 1676 1500 1698 se
1523 1664 1627 1706 offert,
1655 1665 1820 1699 levissimo

245 1711 407 1745 oculorum
439 1722 544 1745 errore
579 1715 689 1745 natum
723 1713 851 1746 videtur
883 1713 978 1757 idque
1010 1724 1045 1746 ex
1071 1712 1188 1748 forat.
1240 1713 1331 1756 Quod
1363 1713 1507 1755 verbum,
1543 1714 1689 1756 quamvis
1716 1713 1821 1747 rarius

244 1763 433 1805 usurpatum
469 1760 513 1793 sit
545 1761 754 1805 scriptoribus
789 1761 921 1803 latinis,
958 1772 1049 1805 quam
1083 1762 1297 1807 compositum
1332 1760 1557 1806 perforare,
1599 1765 1714 1805 tamen,
1750 1774 1820 1796 cum

244 1809 326 1853 apud
352 1808 501 1843 Plautum
527 1820 624 1852 aeque
650 1812 743 1852 atquc
769 1810 851 1854 apud
870 1810 1022 1843 Senecam
1038 1809 1282 1855 philosophum,
1311 1810 1450 1851 celsum,
1479 1810 1687 1844 Columellam
1711 1822 1821 1845 occur—

243 1860 304 1897 rat,
339 1868 416 1891 aevo
443 1857 610 1902 Augusteo
645 1858 814 1892 evanuisse
846 1858 896 1892 vel
929 1859 1038 1903 potius
1064 1858 1232 1893 delituisse
1259 1871 1314 1892 cur
1339 1858 1514 1901 credamus,
1547 1871 1670 1893 causam
1697 1859 1820 1893 nullam

244 1906 347 1940 video.
388 1906 506 1951 Aptius
533 1907 628 1940 etiam
654 1906 733 1940 illud
759 1907 817 1940 tibi
846 1907 1018 1949 videbitur,
1045 1907 1072 1941 si
1100 1919 1167 1942 non
1194 1907 1369 1952 lympham,
1397 1908 1451 1941 sed
1478 1908 1565 1942 aliud
1591 1908 1711 1951 aliquid
1733 1909 1817 1942 viam

243 1954 345 1988 forare
372 1955 518 1989 docuero.
570 1955 748 1989 Meministi
775 1956 808 1989 in
836 1955 994 1990 codicibus
1021 1967 1078 2001 pro
1106 1956 1264 2001 lympha
1299 1957 1362 2001 legi
1389 1956 1515 2001 culpa.
1567 1957 1639 1991 Non
1666 1956 1759 1991 aliter
1784 1953 1820 1990 i1‘1

243 2003 412 2047 archetypo
446 2004 601 2048 scriptum
633 2004 734 2037 fuisse
767 2005 802 2037 in
838 2007 928 2039 tanto
963 2001 1116 2038 librorum
1153 2016 1313 2038 consensu
1348 2016 1453 2038 1161110-
1476 2006 1615 2050 negabit.
1667 2005 1821 2049 Sequitur

243 2051 344 2096 igitur
368 2051 541 2086 Heinsiani
568 2052 731 2087 librarium
759 2052 914 2098 lympha
947 2053 984 2085 116
1016 2053 1195 2087 coniectura
1222 2054 1381 2098 posuisse.
1435 2053 1519 2088 Illud
1546 2057 1650 2088 autem
1677 2054 1818 2099 culpa,

243 2100 271 2133 si
298 2100 489 2135 minusculis
515 2101 631 2135 litteris
658 2102 777 2146 pictum
803 2102 919 2146 fingas,
947 2102 1058 2134 miram
1084 2103 1243 2145 quandam
1270 2102 1517 2135 similitudinem
1543 2103 1637 2136 habet
1668 2115 1736 2136 cum
1769 2114 1818 2142 eo,

243 2149 326 2192 quod
353 2152 401 2182 est
427 2149 555 2193 talpa.
595 2149 744 2193 Nostine,
770 2149 916 2184 benivole
942 2149 1051 2191 lector,
1078 2150 1257 2192 bestiolam,
1285 2161 1364 2194 quac
1383 2154 1505 2185 meatus
1532 2163 1608 2185 suos
1635 2162 1691 2196 per
1712 2162 1818 2196 agros,

242 2200 343 2242 prata,
370 2198 440 2232 vias
466 2198 564 2241 ducit,
600 2209 678 2242 quae
704 2198 941 2243 impedimentis
975 2198 1040 2232 nisi
1074 2199 1221 2233 maximis
1257 2211 1273 2233 3
1300 2199 1404 2233 1311016
1430 2211 1498 2233 11011
1525 2200 1712 2242 deterretur,
1739 2210 1818 2243 quae

242 2249 366 2280 tantum
402 2246 524 2281 efficere
556 2258 650 2291 posse
683 2248 719 2280 ab
752 2248 895 2291 antiquis
933 2248 1113 2292 putabatur,
1152 2251 1187 2281 ut
1223 2248 1374 2293 oppidum
1410 2248 1441 2281 in
1471 2248 1635 2282 Thessalia
1669 2260 1684 2281 3
1721 2247 1818 2293 talpis

1857 0 1919 20 ·‘·⁷⁴
1940 0 2118 38 -ῑῃ-,μιῖιῶψ

1937 24 1940 28 “
1981 30 2070 54 '52
2099 23 2118 33 ’1

1970 74 1973 81 λ
2044 71 2054 85 Ι,
