2118 2698
1038 156 1078 188 35

388 254 549 289 Absoluto
577 255 703 289 demum
729 255 788 290 hoc
812 254 920 289 libello
955 259 987 289 et
1017 256 1080 290 iam
1107 257 1213 302 operis
1239 256 1357 291 tradito
1392 255 1482 301 eopia
1507 254 1588 289 mihi
1613 255 1693 290 faeta
1719 257 1769 289 est
1793 253 1848 288 in-

268 302 451 349 spiciendae
489 303 645 338 editionis
682 302 1134 340 Burmanno—Santenianae.
1196 304 1289 339 Hanc
1326 303 1520 350 pervolvens
1559 303 1652 337 video
1689 301 1849 337 nonnulla

269 363 391 395 eorum,
418 363 496 397 quae
521 352 647 399 primus
665 352 835 399 indagasse
852 351 933 388 mihi
949 352 1089 397 videbar,
1117 353 1179 389 iam
1205 365 1223 388 a
1239 353 1401 400 prioribus
1421 355 1588 399 praerepta
1606 362 1685 389 esse.
1726 350 1848 397 Quam-

269 402 388 443 obrem,
414 411 455 435 ne
481 403 531 436 cui
557 401 673 436 alienis
708 402 827 447 pennis
853 412 902 436 me
936 405 1147 437 exornatum
1178 403 1299 445 videar,
1333 402 1444 448 paucis
1475 401 1634 443 indicabo,
1666 411 1743 445 quas
1768 412 1847 435 con-

268 449 405 484 iacturas
431 449 495 484 iam
520 451 558 484 ab
584 449 659 484 aliis
685 449 826 496 prolatas
853 460 923 484 esse
949 460 986 484 ex
1013 450 1152 485 editione
1182 450 1238 485 illa
1270 450 1487 497 cognoverim.
1539 449 1625 484 Sunt
1649 452 1753 483 autem
1778 448 1846 485 hae.

217 522 221 526 -
269 496 318 541 Π,
345 496 380 541 2,
408 499 464 533 11.
492 499 632 533 sacris
664 499 728 533 iam
762 510 779 531 a
805 498 988 533 Passeratio
1023 502 1211 545 temptatum
1242 503 1301 535 est.
1340 498 1409 541 ΙΙΙ,
1437 498 1496 537 29,
1523 498 1581 533 21.
1614 509 1672 543 pro
1698 501 1742 531 ut
1767 499 1848 531 scri-

269 546 407 581 bendum
444 557 514 581 esse
551 550 615 581 aut
652 547 862 591 Ayrmannus
901 545 1028 591 quoque
1062 548 1198 582 censuit.
1256 547 1287 581 A
1317 558 1414 582 versu
1445 546 1513 590 111,
1548 546 1608 589 29,
1641 546 1699 582 23.
1732 557 1848 580 novam

270 594 403 641 elegiam
429 596 643 631 incohandam
669 607 739 631 esse
765 596 828 630 iam
855 594 1001 641 Guyetus
1027 596 1118 633 vidit.
1147 596 1188 637 V,
1215 596 1249 641 2,
1278 597 1310 633 1.
1338 595 1403 642 qui
1429 595 1573 631 mirare
1607 595 1702 630 scribi
1728 593 1848 628 malue-

269 647 348 694 runt
373 645 471 679 etiam
496 645 668 687 Heinsius,
704 644 964 690 Oudendorpius,
1000 645 1219 682 Markland-1⁸.
1272 646 1314 687 V,
1341 646 1375 684 7,
1403 645 1461 681 55.
1497 645 1691 691 geminas
1728 643 1847 677 sedes

270 693 333 727 iam
359 693 516 728 Heinsius
544 694 689 729 coniecit.
