2118 2698
1092 162 1130 193 16

314 258 444 293 ianua
469 258 637 314 molli-s,
663 259 778 293 facta
803 259 929 304 copia
956 259 1081 303 lecti,
1108 271 1188 294 nox
1213 259 1304 294 nlla
1330 259 1531 304 praedicatur
1550 272 1652 295 unum
1672 259 1754 295 illud
1776 263 1903 306 empta

314 310 388 342 est.
439 306 491 341 En
519 307 637 351 aspice,
664 311 700 341 ut
726 319 812 342 nune
838 319 872 341 se
898 307 1035 342 habeant
1060 319 1194 343 versus:

631 363 759 397 Interea
785 364 878 398 nobis
905 375 972 397 non
999 375 1143 407 unquam
1169 365 1265 399 ianua
1289 352 1412 406 mollis,

678 411 752 446 Non
778 423 921 456 unquam
947 412 1020 447 lecti
1048 413 1140 457 copia
1164 413 1246 448 saeta
1271 412 1332 455 tui,

630 461 694 495 Nec
720 461 802 495 mihi
827 462 1014 496 muneribus
1041 473 1105 496 nox
1131 462 1229 497 ullast
1255 465 1360 506 empta
1386 460 1497 496 beatis.

435 518 604 551 Sententia
631 518 733 563 igitur
757 518 874 552 horum
900 529 1052 552 versuum
1087 519 1163 552 haee
1197 522 1255 554 est.
1309 518 1438 552 Interea
1471 518 1511 561 (i.
1539 529 1565 552 e.
1593 529 1651 562 per
1684 519 1745 553 hos
1780 523 1902 565 septem

310 577 452 607 menses,
479 566 516 599 de
542 566 659 610 quibus
686 567 804 601 dieitur
836 579 869 601 v.
897 567 973 612 21.)
1008 579 1025 600 a
1060 578 1110 600 me
1143 578 1210 600 non
1243 578 1385 610 unquam
1419 566 1515 600 ianua
1548 566 1658 600 mollis
1685 566 1708 601 i.
1735 578 1762 602 e.
1796 568 1901 603 facilis

310 615 448 648 adeundi
484 618 628 658 potestas
664 615 722 660 (cf.
751 615 871 649 Tibull.
896 615 946 656 II,
976 615 1009 655 4,
1039 615 1095 650 19.
1127 615 1270 649 faciles
1297 615 1461 658 aditus),
1496 626 1599 658 neque
1631 626 1775 659 unquam
1811 618 1902 662 eopia

311 663 398 705 lecti,
426 674 520 706 quam
549 663 628 696 mihi
655 662 773 705 fecisti,
801 674 904 707 neque
930 663 995 698 ulla
1022 674 1087 697 nox
1113 664 1212 698 beatis
1238 663 1424 697 muneribus
1451 666 1557 708 empta
1583 666 1642 697 est.
1694 663 1797 707 Quam
1823 665 1902 699 bene

310 724 396 746 nunc
431 712 493 746 sibi
529 713 745 757 respondeant
779 712 895 757 duplex
930 724 1013 746 non
1049 724 1230 755 unquam
1271 715 1301 745 et
1332 724 1415 746 non
1446 712 1553 754 ulla,
1589 723 1682 746 nemo
1719 716 1786 755 est,
1821 713 1901 756 quin

310 761 431 799 videat,
459 772 563 803 neque
587 760 657 794 sore
683 772 873 803 quemquam
909 761 1070 802 existimo,
1105 761 1155 794 cui
1190 761 1292 805 magis
1327 761 1447 804 placeat
1482 760 1767 804 languidissimum
1802 761 1901 795 illud:

311 820 404 851 „non
441 820 604 853 nunquam
640 808 720 842 mihi
756 809 851 842 ianua
886 808 995 842 mollis
1030 808 1112 843 facta
1139 812 1197 854 est,
1233 820 1299 842 non
1327 819 1492 852 nunquam
1526 808 1607 842 mihi
1634 809 1707 843 lecti
1733 809 1782 843 tui
1809 809 1900 854 copia

309 857 391 891 facta
418 861 466 891 est
473 858 514 891 3⁶¹·
873 889 886 901 ,

934 954 1002 997 111,
1030 954 1088 995 24,
1120 954 1271 990 17—52.

431 1035 461 1067 A
495 1046 591 1068 versu
622 1034 674 1070 17.
709 1046 830 1068 novum
865 1046 989 1068 carmen
1032 1035 1171 1079 incipere
1203 1046 1271 1067 cum
1316 1034 1376 1067 iam
1413 1046 1430 1067 a
1462 1034 1626 1078 prioribus
1667 1034 1897 1078 interpretibus

308 1083 473 1129 cognitum
499 1083 555 1123 sit,
592 1095 684 1117 nemo
712 1083 806 1118 hodie
833 1087 895 1126 est,
924 1083 979 1128 qni
1016 1083 1052 1117 de
1087 1094 1121 1117 ea
1148 1094 1180 1117 re
1206 1083 1337 1118 dubitet.
1388 1082 1450 1117 Nec
1486 1094 1562 1117 vero
1592 1082 1667 1117 item
1694 1086 1899 1128 perspectum

308 1136 357 1166 est
384 1132 543 1166 nonnulla
580 1132 715 1167 disticha
748 1133 844 1167 huius
878 1133 1029 1167 carminis
1056 1133 1156 1167 salsos
1184 1132 1268 1165 locos
1301 1135 1419 1167 tenere.
1473 1132 1672 1176 Quamquam
1708 1132 1762 1166 vix
1789 1131 1898 1167 fallere

307 1181 416 1225 potuit
451 1181 642 1226 interpretes
680 1182 882 1226 interpositis
919 1182 1065 1215 versibus
1102 1180 1256 1215 35—38.
1285 1181 1485 1214 artissimum
1520 1193 1688 1223 conexum,
1724 1181 1779 1223 qui
1814 1181 1899 1215 inter

307 1229 444 1263 disticha
470 1230 632 1273 utrimque
660 1231 766 1274 posita
803 1231 983 1272 intercedit,
1019 1230 1302 1264 vehementissime
1336 1229 1455 1274 rumpi.
1509 1229 1572 1263 Sed
1607 1242 1674 1264 non
1707 1229 1766 1263 hoc
1792 1230 1898 1264 solum

307 1277 514 1311 manifestum
543 1282 592 1312 est
627 1282 740 1312 versus
777 1279 859 1312 istos
895 1279 932 1312 ad
968 1279 1052 1312 hunc
1078 1279 1182 1312 locum
1210 1290 1275 1311 non
1302 1279 1474 1322 pertinere,
1509 1279 1565 1311 sed
1593 1278 1672 1312 illud
1699 1278 1806 1320 etiam,
1834 1290 1897 1322 quo

306 1326 464 1360 referendi
492 1326 572 1361 sint.
624 1326 693 1371 Ipsi
722 1327 806 1360 enim
834 1330 1022 1373 argumento
1057 1339 1116 1361 suo
1145 1330 1174 1360 et
1210 1326 1314 1361 verbis
1350 1327 1454 1360 locum
1489 1326 1550 1360 sibi
1578 1327 1745 1361 vindicant
1771 1327 1805 1360 in
1833 1327 1898 1361 fine

305 1375 408 1408 totius
443 1376 606 1411 carminis.
670 1376 738 1418 Quo
773 1376 802 1408 si
839 1388 893 1410 cos
931 1376 1143 1414 revocaveris,
1183 1388 1246 1409 non
1286 1375 1422 1409 multum
1458 1375 1605 1415 interest,
1645 1378 1753 1409 utrum
1790 1375 1897 1410 sutura

306 1435 538 1467 compones
566 1426 594 1457 et
623 1424 738 1457 dices
766 1435 782 1456 e
809 1436 904 1458 mann
932 1424 1094 1469 Propertii
1123 1424 1322 1468 provenisse,
1357 1435 1398 1457 an
1425 1427 1546 1457 mutato
1575 1424 1643 1457 loco
1671 1423 1896 1457 coniunctivos

306 1472 401 1505 etiam
428 1473 609 1516 praesentis
636 1484 865 1526 com-ponas
893 1476 921 1506 et
952 1473 1069 1506 ditas
1099 1473 1132 1506 in
1160 1473 1260 1506 futuri
1288 1471 1407 1505 formas
1444 1471 1561 1506 abiisse
1588 1483 1727 1507 censeas.
1780 1472 1894 1515 Causa,
1920 1514 1922 1516 v

304 1532 359 1553 cur
386 1520 534 1552 librarius
562 1520 746 1562 nescioquis
773 1520 832 1553 hos
861 1532 972 1555 versus
1000 1524 1075 1565 post
1097 1526 1130 1555 v.‘
1150 1521 1205 1554 34.
1228 1520 1412 1561 inseruerit,
1439 1521 1474 1553 in
1495 1524 1648 1564 promptu
1676 1523 1735 1554 est.
1775 1520 1896 1564 Niger

304 1569 389 1601 enim
423 1567 498 1601 ille
531 1568 642 1610 dies,
676 1568 765 1602 cuins
801 1569 922 1602 mentio
958 1569 993 1602 fit
1023 1581 1052 1603 v.
1081 1568 1150 1606 34..
1184 1569 1262 1602 satis
1290 1571 1355 1601 crat
1382 1568 1506 1601 homini
1534 1569 1676 1608 indocto,
1709 1569 1894 1609 utstatim,

304 1629 384 1660 quae
412 1617 449 1650 de
476 1617 621 1660 exequiis
649 1618 810 1656 dicuntur,
839 1618 1039 1663 adiungenda
1068 1629 1137 1651 esse
1165 1618 1326 1652 indicaret.
1366 1616 1485 1651 Verum
1508 1620 1612 1651 tamen
1637 1616 1692 1660 qui
1716 1615 1893 1661 elegantiae

302 1666 444 1710 poeticae
479 1665 609 1709 aliquod
643 1665 809 1700 arbitn'um
846 1666 956 1707 habet,
992 1667 1019 1700 is
1055 1678 1120 1700 non
1158 1666 1312 1700 dubitabit
1348 1665 1407 1700 hos
1440 1677 1553 1700 versus
1589 1666 1630 1708 ei,
1667 1676 1761 1709 quem
1797 1676 1895 1711 snpra

304 1715 528 1751 indicavimus.
564 1714 632 1748 loco
669 1715 806 1750 reddere.
865 1715 928 1749 Sed
962 1727 1028 1749 non
1065 1715 1145 1749 satis
1178 1719 1222 1749 est
1261 1715 1333 1748 haec
1369 1715 1430 1748 dno
1467 1715 1604 1749 disticha
1637 1714 1893 1759 transposuisse,

302 1763 388 1796 aliud
423 1774 549 1806 quoque
584 1762 746 1796 distichon
782 1767 842 1803 est,
879 1764 965 1806 quod
1001 1775 1120 1797 novum
1156 1764 1258 1797 locum
1294 1763 1439 1805 requirit.
1494 1763 1685 1797 Communis
1719 1763 1805 1795 enim
1839 1762 1893 1796 ille

302 1811 402 1854 locus,
430 1811 485 1855 qui
513 1811 658 1846 versibus
687 1810 744 1845 47.
769 1811 823 1848 48.
853 1812 1049 1851 continetur,
1078 1812 1215 1846 immane
1242 1814 1397 1856 quantum
1425 1812 1581 1857 discrepat
1611 1814 1641 1844 et
1668 1811 1704 1844 ab
1728 1810 1788 1852 eis,
1813 1821 1893 1855 quae

301 1861 505 1904 praecedunt,
534 1863 564 1892 et
590 1861 626 1893 ab
654 1861 713 1897 eis,
741 1871 820 1903 quae
846 1864 1037 1903 sequuntur.
1091 1861 1181 1903 Quod
1216 1861 1342 1904 quidem
1376 1861 1437 1894 iam
1465 1861 1591 1905 priores
1626 1860 1778 1900 editores,
1806 1860 1891 1893 Bur-

300 1919 453 1942 mannum
482 1908 551 1942 dico
579 1911 609 1941 ct
636 1909 705 1942 eius
732 1908 880 1945 asseclas,
908 1912 1093 1951 senserunt,
1120 1921 1176 1942 nec
1203 1913 1307 1942 tamen
1335 1912 1416 1942 recte
1442 1908 1598 1950 fecerunt,
1633 1919 1703 1941 cum
1730 1907 1890 1940 distichon

299 1960 447 1990 nostrum
476 1960 551 2001 post
586 1969 617 1992 v.
645 1957 701 1991 32.
736 1961 891 2001 ponerent
921 1970 938 1991 a
965 1969 1062 1992 versu
1091 1957 1147 1993 33.
1176 1959 1308 1992 minime
1335 1957 1575 1992 secernendum.
1615 1956 1721 1990 Multo
1750 1955 1890 2001 profecto

299 2005 418 2039 melius
446 2005 610 2038 sententia
638 2005 705 2046 illa,
733 2016 814 2047 quae
841 2009 887 2038 est
915 2006 951 2038 de
979 2006 1099 2040 duritie
1126 2007 1249 2050 puellae
1277 2017 1415 2038 amorem
1443 2005 1631 2039 simulantis
1655 2008 1684 2037 et
1712 2005 1890 2048 compluri-

298 2054 358 2088 bus
392 2054 446 2089 sui
482 2053 604 2099 copiam
638 2053 805 2093 facientis,
848 2054 972 2099 priores
1006 2066 1060 2089 sex
1096 2066 1209 2090 versus
1243 2055 1342 2090 huius
1376 2053 1528 2088 carminis
1563 2055 1734 2097 sequatur,
1771 2053 1889 2096 quibus

298 2107 394 2147 poeta
433 2103 590 2146 Cynthiae
625 2103 787 2136 levitatem
825 2107 855 2136 et
888 2104 1139 2137 inconstantiam
1175 2105 1301 2138 crimini
1337 2103 1401 2137 dat.
1462 2102 1547 2137 Haec
1583 2103 1620 2136 de
1654 2101 1888 2136 translocandis

299 2152 461 2186 versibus.
500 2150 676 2190 Lacunam..
704 2163 800 2195 quam
827 2151 905 2187 Luc.
933 2152 1051 2186 Miiller
1082 2155 1155 2185 ante
1182 2164 1310 2186 versum
1338 2151 1396 2185 23.
1423 2152 1510 2185 hiare
1536 2151 1666 2192 statuit,
1693 2162 1759 2183 non
1787 2162 1888 2195 agno-

296 2212 363 2242 sco,
391 2213 462 2236 cum
491 2213 507 2234 e
534 2203 683 2235 contextu
712 2201 792 2235 satis
819 2204 983 2246 appareat,
1011 2201 1086 2245 quis
1108 2201 1162 2235 ille
1190 2202 1245 2241 sit,
1274 2202 1306 2235 in
1334 2212 1427 2244 quem
1451 2212 1565 2235 versus
1586 2199 1743 2235 23-32.
1765 2199 1886 2235 cadant.
