2118 2698
1013 197 1050 227 13

242 293 424 337 afferemus,
458 297 629 340 cognoscet
661 295 747 329 nihil
781 294 947 330 obstitisse
980 294 1164 341 Propertio,
1197 295 1277 339 quin
1301 294 1591 340 transpositionem
1614 294 1822 341 pronominis

241 342 432 379 admitteret.
484 342 573 377 Dicit
607 343 693 378 enim
724 342 894 378 Lucretius
925 342 987 386 IV,
1022 342 1113 378 594:
1147 354 1222 388 per
1251 343 1343 378 loca
1375 354 1498 387 quae3
1533 342 1649 379 catull.
1675 342 1735 386 64,
1760 342 1820 379 66.

242 390 302 434 76,
327 390 362 426 9.
399 390 527 426 Lucret.
554 390 596 433 V,
623 390 704 428 465.
739 391 835 438 Verg.
868 403 976 438 georg.
1008 391 1037 435 I,
1074 391 1160 426 167:
1195 392 1332 426 omnia
1366 402 1491 436 quae,
1526 390 1642 427 catull.
1674 390 1734 435 68,
1764 393 1820 428 15.

244 439 324 474 113.
356 438 485 474 Lucret.
510 439 553 481 V,
580 439 662 475 914.
698 440 845 485 Propert.
882 440 924 482 V,
961 439 1015 485 10,
1042 440 1075 476 7.
1112 443 1221 475 auctor
1255 440 1339 474 Ciris
1374 439 1467 475 232:
1501 443 1688 485 tempore
1721 451 1820 484 quo;

241 487 338 534 Verg.
366 487 420 523 ecl.
447 487 516 531 III,
545 487 607 523 42:
634 492 830 534 tempora
855 499 976 533 quae3
1002 489 1100 534 Prop.
1126 487 1194 531 III,
1223 488 1280 532 13,
1307 488 1347 522 2:
1375 488 1544 534 spicula
1569 491 1690 533 quot3
1726 487 1822 524 Ovid.

242 536 328 572 trist.
355 536 397 579 V,
424 536 458 579 2,
486 536 550 571 25:
586 538 669 572 silva
699 536 814 571 feras
848 540 952 581 quot
985 537 1051 573 alit.
1077 558 1126 562 —
1152 537 1263 580 Quae
1295 538 1482 571 carmina
1513 540 1617 571 autem
1650 537 1823 571 notissima

242 585 430 620 attractione
467 586 529 620 dici
562 597 620 631 pro
652 586 774 620 cuius
809 585 998 620 carmina
1031 597 1097 620 uno
1133 586 1229 620 verbo
1256 596 1519 620 commemorasse
1552 586 1632 619 satis
1659 585 1823 619 habemus.

241 632 350 678 Neque
376 634 523 678 quinis
555 635 650 668 suis
683 645 742 679 pro
774 635 966 677 quinque
1000 646 1171 669 suorum
1206 633 1364 669 offendere
1399 634 1500 678 debet,
1536 645 1606 668 cum
1639 633 1823 668 distributi-

241 693 368 725 vorum,
395 682 451 725 qui
477 685 645 724 vocantur,
672 693 878 717 numerorum
903 693 963 727 pro
990 683 1200 717 cardinalibus
1226 694 1305 717 usus
1332 683 1438 728 poetis
1464 682 1576 717 latinis
1602 682 1823 716 familiarissi-

241 742 313 765 mus
339 730 395 773 sit,
429 730 623 775 pronomina
654 734 759 764 autem
790 730 977 775 possessiva
1007 731 1115 765 eodem
1147 742 1221 765 casu
1246 742 1316 765 cum
1342 731 1560 765 numeralibus
1592 731 1701 765 iuncta
1726 731 1828 763 etiam·

242 779 325 825 apud
352 778 535 813 Ciceronem
562 782 593 812 et
620 778 783 814 Caesarem
810 779 1027 816 inveniantur.
1081 779 1149 823 Qua
1182 780 1218 813 de
1251 791 1283 813 re
1309 779 1348 816 cf.
1376 778 1471 813 Ferd.
1499 779 1655 813 Schultzii
1688 790 1819 824 gramm.

242 827 297 862 lat.
326 831 345 869 S
372 826 455 862 274.
483 838 559 862 ann.
588 827 620 862 2.
648 828 706 861 sub
732 827 789 862 fin.
817 827 1018 872 exemplaque
1044 828 1089 861 ibi
1115 829 1220 862 citata.

364 874 480 910 Totius
506 875 607 921 igitur
632 875 763 910 distichi
789 875 962 918 sententia,
989 876 1017 909 si
1041 875 1183 921 pedestri
1202 876 1353 921 scriptori
1373 876 1478 909 verbis
1501 875 1707 920 exprimenda
1727 878 1823 918 esset,

243 925 288 958 sic
314 935 348 958 se
375 924 521 959 haberet:
557 927 614 966 „et
648 936 718 958 cum
752 936 810 958 sua
844 924 963 969 scripta
997 925 1145 968 antiquae
1172 924 1332 959 Corinnae
1357 924 1534 969 componit,
1569 924 1658 958 cuius
1684 924 1823 958 carmina

242 983 283 1006 ne
309 972 450 1016 quinque
477 972 604 1015 quidem
630 983 762 1007 suorum
787 974 876 1017 paria
902 975 1029 1018 putat.“

363 1020 433 1055 Iam
464 1021 612 1065 quamvis
647 1024 697 1055 sat
727 1021 827 1056 multa
859 1021 1006 1055 attulisse
1040 1020 1134 1055 nobis
1168 1021 1331 1055 videamur
1369 1022 1408 1055 ad
1439 1021 1651 1055 coniecturam
1676 1023 1822 1054 nostram

242 1069 504 1112 confirmandam,
531 1073 637 1104 tamen
664 1070 759 1112 nihil,
794 1071 879 1114 quod
904 1081 963 1116 pro
990 1071 1082 1104 nobis
1116 1069 1221 1112 faciat,
1256 1070 1430 1115 neglecturi
1457 1067 1581 1114 animos
1607 1069 1761 1103 lectorum
1786 1080 1822 1103 eo

243 1119 451 1160 advertimus,
476 1121 513 1152 ut
539 1119 727 1164 inspiciant,
755 1123 874 1162 quanta
887 1130 982 1153 versu
1003 1118 1072 1161 22„
1098 1121 1136 1152 ut
1160 1130 1221 1152 nos
1240 1118 1543 1161 commendavimus,
1570 1117 1719 1152 restituto
1746 1129 1824 1152 con-

244 1166 383 1200 cinnitas
410 1166 526 1200 existat
552 1168 650 1201 trium
677 1178 786 1201 eorum
812 1167 1032 1210 distichorum,
1059 1167 1174 1210 quibus
1202 1166 1358 1210 Cynthiae
1385 1170 1468 1201 artes
1495 1166 1728 1207 describuntur,
1755 1178 1825 1200 cum

245 1215 279 1250 in
306 1226 501 1259 unoquoque
526 1218 726 1261 pentametro
753 1215 914 1251 sententia
940 1215 1154 1250 antecedentis
1179 1215 1353 1250 hexametri
1379 1215 1554 1249 accuratius
1581 1214 1762 1250 definiatur.

367 1264 482 1307 Quaeri
509 1265 604 1298 etiam
630 1268 750 1309 potest,
777 1276 831 1299 cur
858 1264 997 1308 Cynthia
1016 1265 1175 1299 Corinnae
1194 1265 1332 1298 carmina
1358 1264 1511 1308 quinis
1538 1264 1607 1299 suis
1634 1275 1701 1297 non
1727 1275 1825 1307 aequa

244 1312 417 1357 putaverit,
453 1323 520 1345 non
547 1313 713 1354 ternis,
748 1313 799 1346 vel
831 1313 971 1353 senis,
1006 1313 1055 1346 vel
1082 1313 1230 1355 nonis,
1266 1313 1316 1346 vel
1343 1313 1477 1347 denis.
1529 1313 1615 1356 Quae
1642 1323 1704 1352 res,
1732 1312 1824 1346 modo

243 1360 456 1395 verecundum
483 1361 527 1394 sit
554 1360 590 1395 de
617 1373 652 1396 ea
686 1373 756 1396 cum
789 1364 883 1407 poeta
916 1361 1053 1407 litigare,
1086 1361 1120 1394 id
1152 1372 1262 1395 causae
1288 1361 1400 1395 habere
1425 1363 1545 1406 potest,
1572 1360 1657 1404 quod
1684 1359 1826 1394 Corinna

244 1410 436 1453 quinque
463 1409 562 1444 libros
590 1411 753 1455 originum
772 1410 994 1445 Boeoticarum
1014 1413 1044 1444 et
1062 1410 1239 1444 fabularum
1259 1410 1455 1444 heroicarum
1475 1409 1695 1455 composuisse
1713 1409 1825 1444 fertur.

245 1458 373 1492 Diceret
398 1458 500 1502 igitur
522 1457 662 1501 Cynthia
689 1459 831 1503 quinque
856 1458 954 1492 libros
982 1456 1141 1492 Corinnae
1163 1469 1203 1491 ne
1223 1461 1349 1492 tantum
1370 1459 1499 1501 quidem
1523 1458 1640 1500 valere,
1668 1460 1825 1501 quantum

244 1506 376 1541 totidem
403 1506 507 1551 ipsius
535 1507 685 1541 carmina.
738 1508 801 1542 Sed
828 1507 901 1541 haec
934 1507 1097 1543 hactenus,

365 1555 494 1597 Restat,
529 1558 578 1597 ut,
613 1556 696 1589 unde
724 1556 927 1601 Groningani
963 1555 1077 1589 codicis
1112 1556 1389 1601 perversissimam
1420 1555 1589 1589 lectionem
1622 1558 1723 1589 ortam
1756 1565 1826 1588 esse

245 1607 407 1650 putemus,
434 1603 638 1648 paucissimis
666 1604 770 1639 verbis
798 1604 975 1640 doceamus.
1024 1603 1170 1646 Invenit,
1197 1604 1232 1637 ni
1258 1603 1364 1646 fallor,
1403 1603 1521 1638 codicis
1549 1603 1650 1637 Gron.
1678 1602 1825 1636 librarius

245 1654 280 1686 in
307 1664 343 1686 eo
371 1651 554 1696 exemplari,
590 1653 675 1695 quod
701 1653 936 1698 transscripsit,
971 1653 1157 1687 vocabulum
1183 1652 1359 1696 lyricis,
1394 1652 1481 1696 quod
1513 1655 1567 1686 aut
1592 1651 1827 1696 interpretandi

247 1701 348 1746 gratia
374 1700 410 1734 in
436 1700 579 1745 margine
606 1701 804 1744 adnotatum,
841 1704 894 1735 aut
930 1702 966 1735 ab
1000 1701 1107 1745 aliquo
1142 1702 1291 1745 quodam,
1326 1702 1381 1744 qui
1414 1701 1564 1744 quinis
1597 1700 1648 1735 vel
1678 1700 1827 1743 quiuis

248 1762 314 1784 non
341 1749 552 1794 intellegeret,
579 1749 614 1783 in
640 1752 729 1784 textu
756 1750 899 1795 positum
925 1749 999 1786 fuit.
1050 1750 1114 1784 Sed
1140 1762 1210 1784 cum
1236 1761 1276 1783 ne
1302 1749 1335 1783 id
1361 1750 1501 1793 quidem,
1528 1749 1605 1793 quid
1631 1748 1692 1783 sibi
1718 1748 1827 1790 vellet,

247 1799 442 1844 perspiceret
468 1798 519 1832 vir
545 1798 699 1843 optimus,
733 1799 808 1833 boni
843 1799 964 1833 librarii
999 1798 1140 1833 officium
1166 1802 1386 1844 praestaturus
1418 1798 1596 1833 litterarum
1622 1798 1758 1843 speciem
1784 1797 1829 1831 ita

248 1848 406 1892 depinxit,
442 1850 477 1880 ut
512 1847 612 1881 oculis
644 1847 712 1880 suis
746 1859 780 1880 se
805 1848 981 1892 praebebat.
1031 1847 1117 1881 Hinc
1151 1848 1372 1894 prodigiosum
1405 1847 1485 1881 illud
1510 1848 1607 1890 lyrn
1619 1858 1660 1881 es
1694 1846 1828 1892 prodiit,

248 1896 379 1930 minime
406 1907 481 1929 vero
508 1907 544 1929 ex
569 1895 711 1930 Erinnes
739 1896 881 1939 nomine,
916 1896 1005 1930 cuius
1039 1899 1165 1940 praeter
1190 1895 1335 1930 Plinium
1371 1899 1402 1929 et
1427 1895 1673 1939 Hieronymum,
1707 1895 1735 1929 si
1762 1906 1828 1929 cre-

251 1944 355 1978 dimus
382 1943 591 1986 Forcellinio,
619 1944 758 1989 scriptor
782 1944 903 1978 latinus
930 1944 1128 1978 mentionem
1153 1944 1229 1979 fecit
1255 1944 1376 1979 nullus.

937 2017 972 2051 II
1013 2016 1034 2051 9
1078 2018 1133 2052 13.

493 2073 791 2117 Foedavitque
816 2085 952 2108 comas
978 2042 1016 2107 'et
1038 2042 1158 2107 tanti
1185 2086 1340 2119 corpus
1367 2073 1534 2108 Achilli

542 2122 807 2166 Maximaque
832 2122 876 2155 in
902 2133 1032 2166 parva
1059 2122 1253 2156 sustulit
1279 2134 1376 2156 ossa
1402 2133 1534 2157 manu.

374 2186 505 2233 Optimo
532 2187 601 2221 iure
626 2186 705 2223 Luc.
732 2187 849 2222 Muller
874 2187 979 2221 verbis
1006 2189 1041 2220 et
1067 2187 1176 2221 tanti
1203 2198 1347 2233 corpus
1375 2186 1533 2221 Achilli
1560 2198 1680 2221 crucem
1694 2197 1831 2232 praepo-

252 2236 330 2277 suit,
357 2247 427 2270 cum
453 2236 497 2278 id,
525 2236 610 2279 quod
637 2239 685 2270 est
711 2236 825 2270 tanti
853 2239 884 2269 et
909 2247 966 2281 per
990 2246 1024 2269 se
1049 2235 1199 2281 langueat
1225 2239 1255 2270 et
1282 2248 1352 2270 cum
1373 2239 1527 2280 sequente
1553 2235 1713 2269 maxima
1739 2247 1832 2270 ossa
