2118 2698
1034 169 1054 200 9

236 245 347 302 *Idem
372 267 539 302 Schraderi
573 268 786 302 coniecturam
819 268 863 302 ab
897 265 1071 302 Oetaeis
1105 267 1225 312 rogis
1258 270 1295 301 ut
1327 266 1492 312 pulchram
1525 266 1633 300 laudat
1666 266 1702 300 in
1736 266 1833 301 dubio

256 316 456 361 relinquens,
481 318 590 351 utrum
615 315 670 350 ille
695 315 898 351 librariorum
917 326 1068 359 errorem,
1094 327 1135 350 an
1152 316 1263 361 ipsum
1281 314 1485 360 Propertium
1503 315 1682 350 eorrexerit.
1713 314 1832 350 Schra—

257 365 324 399 deri
350 364 564 399 coniecturam
589 363 624 398 in
649 367 773 398 textum
797 366 985 410 receperunt
1008 364 1171 409 Hauptius
1198 367 1229 397 et
1247 363 1287 400 L.
1314 363 1442 398 muller.

379 412 471 457 Quod
492 412 530 446 ad
555 423 606 447 me
630 412 758 456 attinet,
790 423 916 455 vereor,
951 423 991 446 ne
1017 412 1162 447 omnium
1193 411 1324 446 illorum
1350 422 1446 457 opera
1478 410 1599 446 trustra
1623 410 1733 454 suerit,
1758 423 1831 447 cum

257 473 325 496 non
351 472 422 495 eum
447 461 550 495 locum
575 462 741 506 petierint,
767 461 821 495 ubi
846 472 978 495 versum
1003 459 1151 495 mendum
1177 461 1313 495 traxisse
1338 459 1610 495 verisimillimum
1635 462 1696 494 est.
1734 459 1831 504 Quid,

257 510 286 544 si
312 519 416 553 neque
441 509 502 551 in,
529 519 635 553 neque
656 509 774 555 iugis
800 512 985 554 corruptum
1011 508 1078 543 sit?
1113 509 1201 552 quid,
1236 510 1263 542 si
1291 510 1337 543 eis
1364 508 1495 550 litteris,
1531 519 1609 552 quae
1634 509 1671 542 ab
1697 508 1831 543 editori-

256 559 315 593 bus
341 568 398 604 per
423 556 597 592 Oetaeis
621 557 809 601 redduntur,
835 557 1000 592 levissime
1024 557 1157 592 mutatis
1184 560 1215 591 et
1240 568 1356 591 seusus
1383 557 1519 591 idoneus
1546 556 1668 591 oriatur
1693 560 1725 590 et
1749 556 1832 591 Pro—

256 607 395 653 pertium
420 617 491 640 cum
516 605 761 651 mythographis
787 606 920 640 minime
946 606 1122 652 discrepare
1147 605 1319 652 appareat?

377 655 563 697 Videamus,
590 663 669 699 ‘quae
695 655 740 688 sit
764 655 907 689 codicum
933 657 963 688 et
988 658 1131 689 veterum
1157 655 1335 689 editionum
1348 654 1516 699 scriptura.
1558 653 1708 700 Optimus
1735 655 1831 689 codex

256 704 294 739 N.
328 704 421 738 habet
455 703 670 746 aethneis,
704 702 767 738 Hb.
799 702 1018 737 inaetheis
1053 703 1309 749 (praepositione
1342 715 1411 738 cum
1445 714 1519 737 casu
1552 703 1769 749 cohaerente),
1803 715 1830 740 r.

257 752 445 793 aetheiS,
471 751 513 786 D.
540 751 678 785 acteis
704 763 802 797 supra
828 752 948 796 scripto
974 752 1160 795 oetheis,
1196 751 1235 787 G.
1261 751 1298 786 P.
1332 751 1514 786 oetheis.
1564 751 1648 794 Hos,
1684 751 1830 786 Gronin-

256 801 331 846 gani
357 799 522 835 librarium
548 799 616 834 dico
642 802 673 833 et
698 799 847 834 Puccium
874 803 906 834 et
931 800 1046 835 codicis
1065 800 1106 836 1).
1136 803 1354 843 correctorem,
1382 800 1420 833 de
1438 799 1517 834 Oeta
1543 800 1736 845 cogitavisse
1761 800 1831 834 veri

257 849 362 884 simile
387 852 445 885 est.
488 848 611 893 Quibus
639 848 812 893 quominus
837 849 1084 889 assentirentur,
1111 849 1189 883 duae
1215 860 1265 883 res
1291 848 1484 884 recentiores
1510 848 1648 883 editores
1675 848 1831 883 deterrere

257 898 447 932 debuerunt:
482 897 632 942 primum,
667 897 752 940 quod
783 897 818 931 in
845 897 957 932 multis
984 898 1140 932 codicibus
1168 898 1276 931 eodem
1302 898 1395 932 modo
1431 900 1526 941 atque
1551 898 1586 931 in
1613 898 1735 942 optimo
1762 909 1830 932 non

257 957 301 981 oe
335 945 555 992 diphthongus
590 945 720 991 legitur,
754 946 809 980 sed
843 958 904 989 ae,
940 958 1017 990 quae
1050 946 1100 981 vel
1131 958 1188 992 per
1220 949 1400 991 corruptam
1435 945 1628 980 Dresdensis
1662 945 1832 980 lectionem

255 997 448 1040 transparet,
476 994 589 1028 deinde
605 994 689 1038 quod
715 994 749 1028 in
768 995 915 1029 omnibus
935 998 1059 1040 praeter
1075 1006 1177 1029 unum
1196 995 1411 1029 Dresdensem
1430 1005 1498 1028 non
1517 994 1653 1040 simplex
1673 994 1781 1029 littera
1807 999 1830 1039 t,

256 1044 310 1078 sed
342 1055 376 1077 ea
410 1055 480 1077 cum
512 1042 708 1088 aspiratione
742 1043 923 1078 consociata
957 1044 1133 1079 invenitur.
1184 1043 1336 1085 Minoris,
1373 1046 1478 1077 tamen
1510 1043 1644 1077 alicuius
1674 1044 1829 1077 momenti

255 1095 315 1134 est,
343 1092 427 1136 quod
451 1091 486 1124 in
513 1090 603 1124 nullo
629 1091 733 1125 codice
758 1102 804 1134 ea,
839 1092 876 1125 de
903 1104 964 1136 qua
990 1093 1106 1137 agitur,
1140 1103 1203 1126 vox
1229 1092 1334 1126 littera
1361 1091 1535 1125 maiuscula
1566 1091 1685 1126 initiali
1711 1092 1830 1137 scripta

255 1143 314 1176 est.
366 1140 411 1174 Ut
437 1151 503 1173 non
530 1139 665 1182 diutius,
692 1139 768 1184 quid
794 1147 854 1175 nos
881 1141 1070 1183 sentiamus,
1097 1141 1191 1174 tacite
1211 1140 1392 1182 habeamus,
1420 1140 1478 1174 sub
1504 1140 1662 1185 scriptura
1687 1140 1828 1174 codicum

254 1201 321 1224 non
350 1188 521 1224 Oetaeis
547 1187 643 1222 latere
669 1189 855 1233 conicimus,
883 1190 938 1224 sed
964 1189 1193 1224 aethereis.
1245 1189 1330 1234 Quae
1364 1200 1427 1223 vox
1460 1189 1489 1223 si
1515 1189 1551 1223 in
1583 1200 1618 1223 eo
1640 1188 1829 1234 exemplari,

254 1250 291 1272 ex
324 1250 385 1282 quo
420 1237 609 1282 archetypus
636 1237 742 1280 fluxit,
777 1249 834 1283 per
868 1239 1089 1284 compendium
1124 1239 1242 1284 scripta
1268 1238 1330 1272 suit
1356 1237 1558 1281 aeth'eis,
1595 1239 1715 1272 omisso
1742 1250 1829 1272 com-

252 1287 370 1333 pendio
397 1298 464 1320 eam
490 1286 593 1331 ipsam
619 1286 808 1331 scripturam
834 1286 942 1331 habes,
979 1299 1055 1332 quae
1087 1287 1123 1321 in
1150 1287 1309 1321 codicibus
1342 1290 1437 1322 extat.
1487 1286 1573 1320 Illud
1599 1290 1716 1328 autem,
1744 1287 1828 1331 quod

253 1337 287 1370 in
313 1335 525 1380 Neapolitano
559 1335 754 1379 paenultima
788 1335 909 1379 syllaba
944 1348 1001 1382 per
1033 1348 1075 1370 ae
1113 1336 1350 1382 diphthongum
1385 1335 1503 1381 scripta
1530 1339 1591 1379 est,
1629 1335 1713 1370 nihil
1738 1335 1832 1370 habet

253 1383 489 1425 admirationis,
516 1394 586 1416 cum
612 1383 755 1417 omnium
782 1384 924 1418 codicum
950 1385 1000 1419 hic
1025 1386 1234 1429 potissimum
1260 1387 1295 1418 ut
1321 1384 1559 1429 diphthongum
1591 1396 1635 1418 ae
1667 1384 1774 1424 littera
1801 1396 1830 1427 e,

252 1432 299 1466 sic
324 1432 501 1477 simplicem
527 1431 666 1465 litteram
692 1443 708 1465 e
734 1431 936 1478 diphthongo
961 1432 1171 1479 permutet*).
1224 1432 1292 1466 Iam
1327 1432 1428 1477 igitur
1454 1443 1556 1476 neque
1589 1434 1630 1466 in
1659 1431 1828 1467 Oetaeis

253 1481 388 1526 iugis,
415 1491 516 1524 neque
543 1481 587 1513 ab
613 1479 788 1514 Oetaeis
815 1481 953 1526 rogis,
980 1483 1033 1516 sed
1059 1482 1103 1516 in
1130 1481 1350 1516 aethereis
1386 1481 1506 1526 iugis
1532 1480 1686 1516 Hercules
1713 1481 1826 1526 gaudia

251 1529 353 1575 prima
380 1528 494 1564 sensit.
545 1527 713 1563 Aethereis
740 1533 845 1563 autem
872 1529 959 1576 iugis
986 1531 1152 1575 aptissime
1180 1529 1352 1574 Olympum
1379 1529 1555 1574 significari
1590 1529 1667 1564 haut
1693 1531 1758 1564 scio
1785 1541 1826 1563 an

252 1589 344 1612 nemo
379 1577 560 1623 negaverit3
596 1577 634 1613 cf.
671 1577 767 1623 Verg.
794 1578 877 1614 Aen.
907 1579 965 1623 vl,
993 1579 1074 1615 579.
1115 1579 1213 1622 VIII,
1241 1578 1322 1614 319.
1358 1577 1499 1614 Martial.
1527 1577 1589 1621 lx,
1624 1578 1646 1613 3
1679 1578 1752 1624 (4),
1786 1579 1826 1612 3:

252 1626 470 1661 aetherius
499 1625 721 1671 Olympus3
755 1626 825 1663 Tib.
854 1627 882 1669 I,
910 1628 943 1670 7,
972 1629 1033 1663 15:
1061 1628 1256 1664 aetherio
1283 1628 1476 1672 contingens
1512 1628 1673 1662 vertice
1707 1628 1827 1662 caelum

252 1675 394 1720 Taurus3
429 1674 522 1710 Ovid.
549 1677 624 1710 met.
649 1674 723 1718 XV,
750 1675 838 1710 858:
874 1688 988 1712 arces
1015 1677 1237 1712 aetheriae.
1289 1677 1332 1711 id.
1360 1687 1395 1710 ex
1422 1675 1528 1710 Ponto
1554 1676 1615 1718 IV,
1644 1676 1701 1719 13,
1727 1676 1792 1711 25:

574 1722 654 1757 Nam
679 1725 780 1769 patris
806 1725 947 1771 Augusti
973 1727 1064 1761 docui
1090 1726 1224 1761 mortale
1250 1725 1351 1760 fuisse
1789 1726 1792 1728 ⁷

622 1772 758 1818 Corpus,
784 1774 820 1808 in
847 1775 1067 1810 aetherias
1095 1787 1215 1810 numen
1241 1775 1345 1809 abisse
1371 1774 1527 1809 domos.

374 1822 502 1864 Vocem,
529 1833 606 1865 quae
632 1825 680 1855 est
705 1822 882 1865 aethereus,
909 1835 977 1858 non
1001 1835 1057 1869 per
1081 1828 1089 1859 i
1113 1824 1324 1869 (aetherius),
1351 1824 1407 1857 sed
1431 1835 1488 1868 per
1505 1834 1523 1858 e
1549 1824 1699 1868 scriptam
1724 1823 1827 1858 fuisse

250 1871 285 1905 in
312 1871 481 1917 archetypo
508 1870 744 1904 demonstratur
769 1871 837 1906 loco
863 1870 960 1917 Prop.
996 1870 1063 1915 III,
1094 1872 1151 1915 16,
1179 1872 1238 1915 50,
1270 1873 1324 1907 ubi
1358 1871 1425 1907 cod.
1452 1870 1491 1908 N.
1529 1872 1652 1906 exhibet
1678 1872 1828 1906 aethe-

250 1931 328 1954 rea.
359 1942 400 1945 —
430 1920 540 1954 Obiter
574 1919 624 1953 hic
656 1923 811 1955 annotare
847 1920 939 1955 liceat
973 1922 1066 1955 etiam
1094 1921 1214 1957 Tibull.
1243 1921 1304 1964 IV,
1331 1921 1365 1963 2,
1396 1921 1450 1956 13.
1476 1933 1535 1966 pro
1571 1921 1614 1955 in
1650 1924 1827 1955 aeterno

371 2024 396 2056 *)
414 2024 445 2049 cf.
464 2032 494 2049 ex
512 2032 549 2056 gr.
567 2023 586 2053 1,
601 2028 623 2054 2,
639 2029 668 2049 15
686 2025 835 2056 phaebae
853 2033 899 2057 pro
917 2025 1057 2052 Phoebe:
1078 2026 1113 2051 ih.
1137 2034 1158 2051 v.
1177 2030 1215 2052 22.
1234 2026 1429 2058 appellaeis
1453 2033 1499 2058 pro
1518 2025 1686 2058 Apelleis:
1707 2025 1767 2058 LJ,
1789 2029 1827 2051 13.

250 2065 409 2090 assiduae
426 2072 473 2097 pro
491 2065 643 2094 assidam
662 2064 682 2095 1,
701 2069 723 2095 8,
744 2069 781 2091 12.
798 2072 938 2097 praeces
956 2073 1003 2097 pro
1020 2073 1151 2097 preces,
1175 2066 1195 2096 I,
1216 2069 1252 2095 13,
1272 2070 1309 2091 29.
1328 2065 1437 2090 Laede
1453 2073 1500 2097 pro
1517 2065 1641 2093 Ledae:
1667 2065 1712 2090 111.
1732 2070 1826 2095 10,15.

249 2109 414 2138 augustae
431 2113 477 2137 pro
494 2106 772 2137 Auguste313,29.
791 2105 912 2131 Oscula
930 2112 1011 2137 quae
1028 2112 1075 2136 pro
1094 2106 1303 2137 Osculaque:
1330 2110 1369 2136 26,
1390 2111 1427 2130 11.
1445 2106 1599 2138 gurgitae
1617 2113 1664 2137 pro
1681 2106 1825 2138 gurgite3

248 2146 283 2172 ib.
301 2154 323 2172 v.
342 2150 380 2171 26.
399 2149 539 2171 sanctae
556 2153 603 2176 pro
621 2149 755 2176 sancte,
773 2151 811 2175 27,
832 2151 869 2172 12.
886 2146 1033 2171 boraeae
1050 2154 1097 2178 pro
1114 2147 1253 2177 Boreae;
1273 2146 1318 2173 IV,
1337 2151 1374 2176 21,
1393 2150 1415 2173 3.
1434 2146 1597 2172 assiduae
1614 2154 1660 2178 pro
1679 2147 1825 2177 assidue;

248 2186 280 2215 V,
301 2185 578 2216 1‚106.Umbrane
596 2193 678 2217 quae
695 2194 742 2218 pro
761 2186 881 2211 Umbra
898 2193 1004 2218 neque
1022 2193 1049 2214 e:
1074 2187 1109 2212 ib.
1127 2195 1150 2214 v.
1170 2192 1224 2212 121.
1250 2187 1342 2212 aedit
1366 2195 1413 2219 pro
1436 2187 1519 2218 edit3
1546 2191 1568 2218 9,
1587 2191 1625 2212 49.
1648 2187 1758 2218 caepit
1780 2194 1828 2218 pro

249 2229 352 2261 cepit;
374 2227 602 2257 11‚51.daeme
619 2235 666 2260 pro
685 2228 721 2254 de
738 2236 794 2255 me:
815 2227 846 2258 V,
866 2233 887 2258 2,
907 2232 944 2253 33.
964 2235 1083 2253 vaenor
1102 2236 1148 2260 pro
1167 2235 1277 2254 venor:
1299 2233 1320 2254 9,
1340 2233 1377 2253 22.
1397 2228 1488 2254 faeta
1506 2235 1554 2260 pro
1571 2227 1647 2253 feta.

1561 2270 1581 2300 2
