<?xml version="1.0" encoding="UTF-8"?>
<!DOCTYPE html PUBLIC "-//W3C//DTD XHTML 1.0 Transitional//EN"
    "http://www.w3.org/TR/xhtml1/DTD/xhtml1-transitional.dtd">
<html xmlns="http://www.w3.org/1999/xhtml" xml:lang="en" lang="en">
 <head>
  <title>
</title>
<meta http-equiv="Content-Type" content="text/html;charset=utf-8" />
  <meta name='ocr-system' content='tesseract 3.04.00' />
  <meta name='ocr-capabilities' content='ocr_page ocr_carea ocr_par ocr_line ocrx_word'/>
</head>
<body>
  <div class='ocr_page' id='page_1' title='image "4765521_0020.png"; bbox 0 0 2118 2698; ppageno 0'>
   <div class='ocr_carea' id='block_1_1' title="bbox 1039 185 1077 216">
    <p class='ocr_par' dir='ltr' id='par_1_1' title="bbox 1039 185 1077 216">
     <span class='ocr_line' id='line_1_1' title="bbox 1039 185 1077 216; baseline -0.026 0"><span class='ocrx_word' id='word_1_1' title='bbox 1039 185 1077 216; x_wconf 87' lang='lat'><strong>14</strong></span> 
     </span>
    </p>
   </div>
   <div class='ocr_carea' id='block_1_2' title="bbox 954 227 1158 232">
    <p class='ocr_par' dir='ltr' id='par_1_2' title="bbox 954 227 1158 232">
     <span class='ocr_line' id='line_1_2' title="bbox 954 227 1158 232; baseline 0 0"><span class='ocrx_word' id='word_1_2' title='bbox 954 227 1158 232; x_wconf 95' lang='lat' dir='ltr'><strong> </strong></span> 
     </span>
    </p>
   </div>
   <div class='ocr_carea' id='block_1_3' title="bbox 258 282 1861 1252">
    <p class='ocr_par' dir='ltr' id='par_1_3' title="bbox 258 282 1861 1252">
     <span class='ocr_line' id='line_1_3' title="bbox 261 282 1849 329; baseline 0.001 -10"><span class='ocrx_word' id='word_1_3' title='bbox 261 284 497 319; x_wconf 75' lang='lat' dir='ltr'><strong>intolerabilem</strong></span> <span class='ocrx_word' id='word_1_4' title='bbox 522 284 746 329; x_wconf 79' lang='lat' dir='ltr'><strong>pleonasmum</strong></span> <span class='ocrx_word' id='word_1_5' title='bbox 771 282 900 319; x_wconf 83' lang='lat' dir='ltr'><strong>efficiat.</strong></span> <span class='ocrx_word' id='word_1_6' title='bbox 952 283 1044 318; x_wconf 86' lang='lat' dir='ltr'><strong>Idem</strong></span> <span class='ocrx_word' id='word_1_7' title='bbox 1076 283 1112 318; x_wconf 89' lang='lat' dir='ltr'><strong>in</strong></span> <span class='ocrx_word' id='word_1_8' title='bbox 1139 282 1337 329; x_wconf 78' lang='lat' dir='ltr'><strong>praefatione</strong></span> <span class='ocrx_word' id='word_1_9' title='bbox 1363 282 1402 317; x_wconf 83' lang='lat' dir='ltr'><strong>ad</strong></span> <span class='ocrx_word' id='word_1_10' title='bbox 1427 282 1635 328; x_wconf 72' lang='lat' dir='ltr'><strong>Propertium</strong></span> <span class='ocrx_word' id='word_1_11' title='bbox 1660 295 1694 328; x_wconf 83' lang='lat' dir='ltr'><strong>p.</strong></span> <span class='ocrx_word' id='word_1_12' title='bbox 1712 282 1849 321; x_wconf 66' lang='lat' dir='ltr'><strong>xxvi.</strong></span> 
     </span>
     <span class='ocr_line' id='line_1_4' title="bbox 261 331 1847 377; baseline 0.001 -10"><span class='ocrx_word' id='word_1_13' title='bbox 261 332 418 367; x_wconf 75' lang='lat' dir='ltr'><strong>coniectat</strong></span> <span class='ocrx_word' id='word_1_14' title='bbox 442 332 581 367; x_wconf 85' lang='lat' dir='ltr'><strong>fortasse</strong></span> <span class='ocrx_word' id='word_1_15' title='bbox 606 332 764 377; x_wconf 81' lang='lat' dir='ltr'><strong>scriptum</strong></span> <span class='ocrx_word' id='word_1_16' title='bbox 788 331 911 366; x_wconf 71' lang='lat' dir='ltr'><strong>fuisset</strong></span> <span class='ocrx_word' id='word_1_17' title='bbox 937 332 984 367; x_wconf 82' lang='lat' dir='ltr'><strong>ad</strong></span> <span class='ocrx_word' id='word_1_18' title='bbox 1008 331 1154 367; x_wconf 84' lang='lat' dir='ltr'><strong>functi</strong></span> <span class='ocrx_word' id='word_1_19' title='bbox 1181 343 1336 377; x_wconf 88' lang='lat' dir='ltr'><strong>corpus</strong></span> <span class='ocrx_word' id='word_1_20' title='bbox 1363 331 1541 374; x_wconf 84' lang='lat' dir='ltr'><strong>Achivi,</strong></span> <span class='ocrx_word' id='word_1_21' title='bbox 1569 331 1655 375; x_wconf 91' lang='lat' dir='ltr'><strong>quod</strong></span> <span class='ocrx_word' id='word_1_22' title='bbox 1675 331 1847 368; x_wconf 67' lang='lat' dir='ltr'><strong>cum&#39;aliu‘s</strong></span> 
     </span>
     <span class='ocr_line' id='line_1_5' title="bbox 262 376 1861 426; baseline 0 -11"><span class='ocrx_word' id='word_1_23' title='bbox 262 382 300 415; x_wconf 89' lang='lat' dir='ltr'><strong>ob</strong></span> <span class='ocrx_word' id='word_1_24' title='bbox 326 392 436 415; x_wconf 79' lang='lat' dir='ltr'>causas</span> <span class='ocrx_word' id='word_1_25' title='bbox 462 381 693 426; x_wconf 80' lang='lat' dir='ltr'><strong>improbamus,</strong></span> <span class='ocrx_word' id='word_1_26' title='bbox 720 383 788 415; x_wconf 89' lang='lat' dir='ltr'><strong>tum</strong></span> <span class='ocrx_word' id='word_1_27' title='bbox 814 380 949 414; x_wconf 76' lang='lat' dir='ltr'><strong>maxime</strong></span> <span class='ocrx_word' id='word_1_28' title='bbox 976 391 1025 423; x_wconf 80' lang='lat' dir='ltr'><strong>eo,</strong></span> <span class='ocrx_word' id='word_1_29' title='bbox 1053 381 1140 424; x_wconf 90' lang='lat' dir='ltr'><strong>quod</strong></span> <span class='ocrx_word' id='word_1_30' title='bbox 1156 380 1363 426; x_wconf 81' lang='lat' dir='ltr'><strong>participium</strong></span> <span class='ocrx_word' id='word_1_31' title='bbox 1388 379 1568 416; x_wconf 80' lang='lat' dir='ltr'><strong>functus</strong></span> <span class='ocrx_word' id='word_1_32' title='bbox 1593 380 1689 414; x_wconf 58' lang='lat' dir='ltr'><strong>nude*</strong></span> <span class='ocrx_word' id='word_1_33' title='bbox 1704 376 1861 426; x_wconf 60' lang='lat' dir='ltr'><strong>positum&#39;</strong></span> 
     </span>
     <span class='ocr_line' id='line_1_6' title="bbox 260 427 1848 474; baseline -0.001 -10"><span class='ocrx_word' id='word_1_34' title='bbox 260 440 321 474; x_wconf 90' lang='lat' dir='ltr'><strong>pro</strong></span> <span class='ocrx_word' id='word_1_35' title='bbox 346 432 473 464; x_wconf 80' lang='lat' dir='ltr'><strong>mortuo</strong></span> <span class='ocrx_word' id='word_1_36' title='bbox 507 429 591 474; x_wconf 88' lang='lat' dir='ltr'><strong>apud</strong></span> <span class='ocrx_word' id='word_1_37' title='bbox 617 428 759 463; x_wconf 76' lang='lat' dir='ltr'><strong>Statium</strong></span> <span class='ocrx_word' id='word_1_38' title='bbox 793 428 938 472; x_wconf 83' lang='lat' dir='ltr'><strong>aliosque</strong></span> <span class='ocrx_word' id='word_1_39' title='bbox 971 429 1168 474; x_wconf 84' lang='lat' dir='ltr'><strong>posteriores</strong></span> <span class='ocrx_word' id='word_1_40' title='bbox 1195 429 1322 473; x_wconf 90' lang='lat' dir='ltr'><strong>quidem</strong></span> <span class='ocrx_word' id='word_1_41' title='bbox 1355 428 1436 462; x_wconf 84' lang='lat' dir='ltr'><strong>satis</strong></span> <span class='ocrx_word' id='word_1_42' title='bbox 1462 427 1628 472; x_wconf 77' lang='lat' dir='ltr'><strong>frequens,</strong></span> <span class='ocrx_word' id='word_1_43' title='bbox 1663 428 1848 474; x_wconf 74' lang='lat' dir='ltr'><strong>Augusteae</strong></span> 
     </span>
     <span class='ocr_line' id='line_1_7' title="bbox 261 477 1848 522; baseline 0 -10"><span class='ocrx_word' id='word_1_44' title='bbox 261 481 367 512; x_wconf 87' lang='lat' dir='ltr'><strong>autem</strong></span> <span class='ocrx_word' id='word_1_45' title='bbox 391 478 504 512; x_wconf 87' lang='lat' dir='ltr'><strong>aetatis</strong></span> <span class='ocrx_word' id='word_1_46' title='bbox 531 477 744 522; x_wconf 81' lang='lat' dir='ltr'><strong>scriptoribus</strong></span> <span class='ocrx_word' id='word_1_47' title='bbox 769 488 837 512; x_wconf 90' lang='lat' dir='ltr'><strong>non</strong></span> <span class='ocrx_word' id='word_1_48' title='bbox 862 477 1020 512; x_wconf 83' lang='lat' dir='ltr'><strong>usitatum</strong></span> <span class='ocrx_word' id='word_1_49' title='bbox 1045 481 1105 513; x_wconf 88' lang='lat' dir='ltr'><strong>est.</strong></span> <span class='ocrx_word' id='word_1_50' title='bbox 1157 477 1344 512; x_wconf 86' lang='lat' dir='ltr'><strong>Accuratius</strong></span> <span class='ocrx_word' id='word_1_51' title='bbox 1380 477 1615 512; x_wconf 85' lang='lat' dir='ltr'><strong>sententiarum</strong></span> <span class='ocrx_word' id='word_1_52' title='bbox 1650 488 1767 512; x_wconf 87' lang='lat' dir='ltr'><strong>nexum</strong></span> <span class='ocrx_word' id='word_1_53' title='bbox 1792 477 1848 511; x_wconf 90' lang='lat' dir='ltr'><strong>in-</strong></span> 
     </span>
     <span class='ocr_line' id='line_1_8' title="bbox 262 525 1847 571; baseline 0.001 -11"><span class='ocrx_word' id='word_1_54' title='bbox 262 527 366 561; x_wconf 82' lang='lat' dir='ltr'><strong>tuenti</strong></span> <span class='ocrx_word' id='word_1_55' title='bbox 401 527 481 561; x_wconf 88' lang='lat' dir='ltr'><strong>mihi</strong></span> <span class='ocrx_word' id='word_1_56' title='bbox 516 527 603 561; x_wconf 90' lang='lat' dir='ltr'><strong>aliud</strong></span> <span class='ocrx_word' id='word_1_57' title='bbox 636 537 670 560; x_wconf 90' lang='lat' dir='ltr'><strong>se</strong></span> <span class='ocrx_word' id='word_1_58' title='bbox 705 526 822 560; x_wconf 91' lang='lat' dir='ltr'><strong>obtulit</strong></span> <span class='ocrx_word' id='word_1_59' title='bbox 856 526 1043 561; x_wconf 83' lang='lat' dir='ltr'><strong>vocabulum</strong></span> <span class='ocrx_word' id='word_1_60' title='bbox 1076 527 1151 561; x_wconf 86' lang='lat' dir='ltr'><strong>huic</strong></span> <span class='ocrx_word' id='word_1_61' title='bbox 1184 527 1252 561; x_wconf 91' lang='lat' dir='ltr'><strong>loco</strong></span> <span class='ocrx_word' id='word_1_62' title='bbox 1285 525 1388 560; x_wconf 89' lang='lat' dir='ltr'><strong>multo</strong></span> <span class='ocrx_word' id='word_1_63' title='bbox 1427 526 1529 571; x_wconf 80' lang='lat' dir='ltr'><strong>magis</strong></span> <span class='ocrx_word' id='word_1_64' title='bbox 1567 526 1847 562; x_wconf 81' lang='lat' dir='ltr'><strong>accommodatum.</strong></span> 
     </span>
     <span class='ocr_line' id='line_1_9' title="bbox 260 573 1847 620; baseline 0.001 -12"><span class='ocrx_word' id='word_1_65' title='bbox 260 575 474 609; x_wconf 85' lang='lat' dir='ltr'><strong>Antecedenti</strong></span> <span class='ocrx_word' id='word_1_66' title='bbox 501 575 588 609; x_wconf 91' lang='lat' dir='ltr'><strong>enim</strong></span> <span class='ocrx_word' id='word_1_67' title='bbox 614 574 753 609; x_wconf 88' lang='lat' dir='ltr'><strong>disticho</strong></span> <span class='ocrx_word' id='word_1_68' title='bbox 778 577 873 620; x_wconf 88' lang='lat' dir='ltr'><strong>poeta</strong></span> <span class='ocrx_word' id='word_1_69' title='bbox 898 574 1077 609; x_wconf 85' lang='lat' dir='ltr'><strong>Briseidem</strong></span> <span class='ocrx_word' id='word_1_70' title='bbox 1103 578 1268 610; x_wconf 89' lang='lat' dir='ltr'><strong>cruentum</strong></span> <span class='ocrx_word' id='word_1_71' title='bbox 1294 586 1410 619; x_wconf 90' lang='lat' dir='ltr'><strong>corpus</strong></span> <span class='ocrx_word' id='word_1_72' title='bbox 1430 573 1568 608; x_wconf 87' lang='lat' dir='ltr'><strong>Achillis</strong></span> <span class='ocrx_word' id='word_1_73' title='bbox 1593 574 1847 617; x_wconf 60' lang='lat' dir='ltr'><strong>lavisse,&gt;rersu</strong></span> 
     </span>
     <span class='ocr_line' id='line_1_10' title="bbox 260 623 1846 669; baseline 0 -11"><span class='ocrx_word' id='word_1_74' title='bbox 260 627 366 658; x_wconf 84' lang='lat' dir='ltr'><strong>autem</strong></span> <span class='ocrx_word' id='word_1_75' title='bbox 394 624 450 660; x_wconf 80' lang='lat'><strong>14.</strong></span> <span class='ocrx_word' id='word_1_76' title='bbox 485 625 621 659; x_wconf 83' lang='lat' dir='ltr'><strong>maxima</strong></span> <span class='ocrx_word' id='word_1_77' title='bbox 654 624 723 659; x_wconf 91' lang='lat' dir='ltr'><strong>eius</strong></span> <span class='ocrx_word' id='word_1_78' title='bbox 759 635 833 659; x_wconf 88' lang='lat' dir='ltr'><strong>ossa</strong></span> <span class='ocrx_word' id='word_1_79' title='bbox 866 624 974 669; x_wconf 85' lang='lat' dir='ltr'><strong>parvis</strong></span> <span class='ocrx_word' id='word_1_80' title='bbox 1009 624 1157 659; x_wconf 88' lang='lat' dir='ltr'><strong>manibus</strong></span> <span class='ocrx_word' id='word_1_81' title='bbox 1191 623 1364 659; x_wconf 81' lang='lat' dir='ltr'><strong>sustulisse</strong></span> <span class='ocrx_word' id='word_1_82' title='bbox 1397 626 1517 660; x_wconf 85' lang='lat' dir='ltr'><strong>narrat.</strong></span> <span class='ocrx_word' id='word_1_83' title='bbox 1568 623 1751 668; x_wconf 76' lang='lat' dir='ltr'><strong>Quaeritur,</strong></span> <span class='ocrx_word' id='word_1_84' title='bbox 1783 634 1846 667; x_wconf 85' lang='lat' dir='ltr'><strong>quo</strong></span> 
     </span>
     <span class='ocr_line' id='line_1_11' title="bbox 260 672 1848 719; baseline 0 -13"><span class='ocrx_word' id='word_1_85' title='bbox 260 676 405 719; x_wconf 89' lang='lat' dir='ltr'><strong>tempore</strong></span> <span class='ocrx_word' id='word_1_86' title='bbox 428 673 554 708; x_wconf 89' lang='lat' dir='ltr'><strong>Briseis</strong></span> <span class='ocrx_word' id='word_1_87' title='bbox 581 685 655 708; x_wconf 92' lang='lat' dir='ltr'><strong>ossa</strong></span> <span class='ocrx_word' id='word_1_88' title='bbox 681 673 820 707; x_wconf 89' lang='lat' dir='ltr'><strong>Achillis</strong></span> <span class='ocrx_word' id='word_1_89' title='bbox 845 673 1024 708; x_wconf 85' lang='lat' dir='ltr'><strong>sustulerit.</strong></span> <span class='ocrx_word' id='word_1_90' title='bbox 1076 673 1145 708; x_wconf 88' lang='lat' dir='ltr'><strong>Aut</strong></span> <span class='ocrx_word' id='word_1_91' title='bbox 1172 673 1257 707; x_wconf 89' lang='lat' dir='ltr'><strong>enim</strong></span> <span class='ocrx_word' id='word_1_92' title='bbox 1283 673 1320 706; x_wconf 91' lang='lat' dir='ltr'><strong>de</strong></span> <span class='ocrx_word' id='word_1_93' title='bbox 1346 672 1489 718; x_wconf 84' lang='lat' dir='ltr'><strong>legendis</strong></span> <span class='ocrx_word' id='word_1_94' title='bbox 1521 676 1597 718; x_wconf 90' lang='lat' dir='ltr'><strong>post</strong></span> <span class='ocrx_word' id='word_1_95' title='bbox 1623 672 1848 708; x_wconf 82' lang='lat' dir='ltr'><strong>cremationem</strong></span> 
     </span>
     <span class='ocr_line' id='line_1_12' title="bbox 258 721 1848 767; baseline 0 -12"><span class='ocrx_word' id='word_1_96' title='bbox 258 722 388 756; x_wconf 90' lang='lat' dir='ltr'><strong>ossibus</strong></span> <span class='ocrx_word' id='word_1_97' title='bbox 422 723 557 767; x_wconf 84' lang='lat' dir='ltr'><strong>cogitari</strong></span> <span class='ocrx_word' id='word_1_98' title='bbox 591 722 676 763; x_wconf 81' lang='lat' dir='ltr'><strong>licet,</strong></span> <span class='ocrx_word' id='word_1_99' title='bbox 710 725 764 755; x_wconf 88' lang='lat' dir='ltr'><strong>aut</strong></span> <span class='ocrx_word' id='word_1_100' title='bbox 799 721 836 754; x_wconf 89' lang='lat' dir='ltr'><strong>de</strong></span> <span class='ocrx_word' id='word_1_101' title='bbox 871 733 1001 766; x_wconf 86' lang='lat' dir='ltr'><strong>corpore</strong></span> <span class='ocrx_word' id='word_1_102' title='bbox 1035 733 1052 755; x_wconf 90' lang='lat' dir='ltr'><strong>a</strong></span> <span class='ocrx_word' id='word_1_103' title='bbox 1083 722 1216 756; x_wconf 88' lang='lat' dir='ltr'><strong>flumine</strong></span> <span class='ocrx_word' id='word_1_104' title='bbox 1250 722 1285 755; x_wconf 94' lang='lat' dir='ltr'><strong>in</strong></span> <span class='ocrx_word' id='word_1_105' title='bbox 1318 721 1493 755; x_wconf 89' lang='lat' dir='ltr'><strong>tentorium</strong></span> <span class='ocrx_word' id='word_1_106' title='bbox 1526 721 1732 767; x_wconf 86' lang='lat' dir='ltr'><strong>reportando.</strong></span> <span class='ocrx_word' id='word_1_107' title='bbox 1783 721 1848 755; x_wconf 87' lang='lat' dir='ltr'><strong>Sed</strong></span> 
     </span>
     <span class='ocr_line' id='line_1_13' title="bbox 260 769 1846 816; baseline 0.001 -12"><span class='ocrx_word' id='word_1_108' title='bbox 260 770 436 814; x_wconf 88' lang='lat' dir='ltr'><strong>quominus</strong></span> <span class='ocrx_word' id='word_1_109' title='bbox 464 771 501 804; x_wconf 92' lang='lat' dir='ltr'><strong>de</strong></span> <span class='ocrx_word' id='word_1_110' title='bbox 526 770 672 816; x_wconf 84' lang='lat' dir='ltr'><strong>legendis</strong></span> <span class='ocrx_word' id='word_1_111' title='bbox 699 770 854 804; x_wconf 86' lang='lat' dir='ltr'><strong>combusti</strong></span> <span class='ocrx_word' id='word_1_112' title='bbox 874 770 1018 815; x_wconf 90' lang='lat' dir='ltr'><strong>corporis</strong></span> <span class='ocrx_word' id='word_1_113' title='bbox 1039 771 1164 805; x_wconf 89' lang='lat' dir='ltr'><strong>ossibus</strong></span> <span class='ocrx_word' id='word_1_114' title='bbox 1184 780 1365 804; x_wconf 87' lang='lat' dir='ltr'><strong>sermonem</strong></span> <span class='ocrx_word' id='word_1_115' title='bbox 1384 781 1453 804; x_wconf 88' lang='lat' dir='ltr'><strong>esse</strong></span> <span class='ocrx_word' id='word_1_116' title='bbox 1470 773 1632 816; x_wconf 88' lang='lat' dir='ltr'><strong>putemus,</strong></span> <span class='ocrx_word' id='word_1_117' title='bbox 1652 781 1721 803; x_wconf 90' lang='lat' dir='ltr'><strong>non</strong></span> <span class='ocrx_word' id='word_1_118' title='bbox 1741 769 1846 805; x_wconf 88' lang='lat' dir='ltr'><strong>solum</strong></span> 
     </span>
     <span class='ocr_line' id='line_1_14' title="bbox 261 818 1848 863; baseline 0.001 -11"><span class='ocrx_word' id='word_1_119' title='bbox 261 832 297 853; x_wconf 89' lang='lat' dir='ltr'><strong>eo</strong></span> <span class='ocrx_word' id='word_1_120' title='bbox 325 820 532 860; x_wconf 75' lang='lat' dir='ltr'><strong>deterremur,</strong></span> <span class='ocrx_word' id='word_1_121' title='bbox 559 820 644 863; x_wconf 90' lang='lat' dir='ltr'><strong>quod</strong></span> <span class='ocrx_word' id='word_1_122' title='bbox 671 819 798 853; x_wconf 89' lang='lat' dir='ltr'><strong>ossibus</strong></span> <span class='ocrx_word' id='word_1_123' title='bbox 825 819 993 863; x_wconf 78' lang='lat' dir='ltr'><strong>epitheton</strong></span> <span class='ocrx_word' id='word_1_124' title='bbox 1020 819 1195 852; x_wconf 86' lang='lat' dir='ltr'><strong>maxima</strong></span> <span class='ocrx_word' id='word_1_125' title='bbox 1222 818 1377 853; x_wconf 85' lang='lat' dir='ltr'><strong>adiectum</strong></span> <span class='ocrx_word' id='word_1_126' title='bbox 1399 821 1460 860; x_wconf 82' lang='lat' dir='ltr'><strong>est,</strong></span> <span class='ocrx_word' id='word_1_127' title='bbox 1487 819 1543 852; x_wconf 88' lang='lat' dir='ltr'><strong>sed</strong></span> <span class='ocrx_word' id='word_1_128' title='bbox 1563 819 1657 852; x_wconf 86' lang='lat' dir='ltr'><strong>etiam</strong></span> <span class='ocrx_word' id='word_1_129' title='bbox 1684 829 1733 861; x_wconf 84' lang='lat' dir='ltr'><strong>eo,</strong></span> <span class='ocrx_word' id='word_1_130' title='bbox 1755 819 1848 861; x_wconf 68' lang='lat' dir='ltr'><strong>⁴quod</strong></span> 
     </span>
     <span class='ocr_line' id='line_1_15' title="bbox 260 866 1848 913; baseline 0 -12"><span class='ocrx_word' id='word_1_131' title='bbox 260 880 357 901; x_wconf 89' lang='lat' dir='ltr'><strong>manu</strong></span> <span class='ocrx_word' id='word_1_132' title='bbox 383 879 480 913; x_wconf 87' lang='lat' dir='ltr'><strong>parva</strong></span> <span class='ocrx_word' id='word_1_133' title='bbox 505 868 652 901; x_wconf 87' lang='lat' dir='ltr'><strong>maximis</strong></span> <span class='ocrx_word' id='word_1_134' title='bbox 671 867 799 901; x_wconf 88' lang='lat' dir='ltr'><strong>ossibus</strong></span> <span class='ocrx_word' id='word_1_135' title='bbox 827 867 976 911; x_wconf 88' lang='lat' dir='ltr'><strong>opposita</strong></span> <span class='ocrx_word' id='word_1_136' title='bbox 1000 879 1068 901; x_wconf 91' lang='lat' dir='ltr'><strong>non</strong></span> <span class='ocrx_word' id='word_1_137' title='bbox 1095 867 1161 901; x_wconf 89' lang='lat' dir='ltr'><strong>nisi</strong></span> <span class='ocrx_word' id='word_1_138' title='bbox 1188 867 1225 900; x_wconf 90' lang='lat' dir='ltr'><strong>de</strong></span> <span class='ocrx_word' id='word_1_139' title='bbox 1251 866 1342 912; x_wconf 84' lang='lat' dir='ltr'><strong>gravi</strong></span> <span class='ocrx_word' id='word_1_140' title='bbox 1369 878 1464 900; x_wconf 89' lang='lat' dir='ltr'><strong>onere</strong></span> <span class='ocrx_word' id='word_1_141' title='bbox 1491 866 1687 901; x_wconf 86' lang='lat' dir='ltr'><strong>sublevando</strong></span> <span class='ocrx_word' id='word_1_142' title='bbox 1714 867 1848 911; x_wconf 88' lang='lat' dir='ltr'><strong>cogitari</strong></span> 
     </span>
     <span class='ocr_line' id='line_1_16' title="bbox 260 915 1846 961; baseline -0.001 -10"><span class='ocrx_word' id='word_1_143' title='bbox 260 919 379 961; x_wconf 86' lang='lat' dir='ltr'><strong>potest.</strong></span> <span class='ocrx_word' id='word_1_144' title='bbox 407 915 538 950; x_wconf 90' lang='lat' dir='ltr'><strong>Ossium</strong></span> <span class='ocrx_word' id='word_1_145' title='bbox 550 917 635 950; x_wconf 89' lang='lat' dir='ltr'><strong>enim</strong></span> <span class='ocrx_word' id='word_1_146' title='bbox 649 915 840 960; x_wconf 82' lang='lat' dir='ltr'><strong>fragmenta,</strong></span> <span class='ocrx_word' id='word_1_147' title='bbox 855 916 959 958; x_wconf 88' lang='lat' dir='ltr'><strong>qualia</strong></span> <span class='ocrx_word' id='word_1_148' title='bbox 978 919 1053 961; x_wconf 89' lang='lat' dir='ltr'><strong>post</strong></span> <span class='ocrx_word' id='word_1_149' title='bbox 1067 916 1289 950; x_wconf 84' lang='lat' dir='ltr'><strong>cremationem</strong></span> <span class='ocrx_word' id='word_1_150' title='bbox 1304 915 1577 958; x_wconf 82' lang='lat' dir='ltr'><strong>relinquebantur,</strong></span> <span class='ocrx_word' id='word_1_151' title='bbox 1594 926 1698 958; x_wconf 89' lang='lat' dir='ltr'><strong>neque</strong></span> <span class='ocrx_word' id='word_1_152' title='bbox 1710 915 1846 950; x_wconf 81' lang='lat' dir='ltr'><strong>maxima</strong></span> 
     </span>
     <span class='ocr_line' id='line_1_17' title="bbox 260 963 1847 1008; baseline 0 -10"><span class='ocrx_word' id='word_1_153' title='bbox 260 965 376 1006; x_wconf 87' lang='lat' dir='ltr'><strong>videri,</strong></span> <span class='ocrx_word' id='word_1_154' title='bbox 404 975 506 1007; x_wconf 87' lang='lat' dir='ltr'><strong>neque</strong></span> <span class='ocrx_word' id='word_1_155' title='bbox 533 976 627 1008; x_wconf 85' lang='lat' dir='ltr'><strong>grave</strong></span> <span class='ocrx_word' id='word_1_156' title='bbox 655 975 738 997; x_wconf 91' lang='lat' dir='ltr'><strong>onus</strong></span> <span class='ocrx_word' id='word_1_157' title='bbox 765 963 872 997; x_wconf 89' lang='lat' dir='ltr'><strong>haberi</strong></span> <span class='ocrx_word' id='word_1_158' title='bbox 899 967 1085 1008; x_wconf 85' lang='lat' dir='ltr'><strong>potuerunt.</strong></span> <span class='ocrx_word' id='word_1_159' title='bbox 1138 963 1314 998; x_wconf 86' lang='lat' dir='ltr'><strong>Briseidem</strong></span> <span class='ocrx_word' id='word_1_160' title='bbox 1347 963 1448 1008; x_wconf 85' lang='lat' dir='ltr'><strong>igitur</strong></span> <span class='ocrx_word' id='word_1_161' title='bbox 1482 974 1553 997; x_wconf 92' lang='lat' dir='ltr'><strong>eum</strong></span> <span class='ocrx_word' id='word_1_162' title='bbox 1587 963 1621 997; x_wconf 84' lang='lat' dir='ltr'><strong>in</strong></span> <span class='ocrx_word' id='word_1_163' title='bbox 1648 963 1746 997; x_wconf 86' lang='lat' dir='ltr'><strong>finem</strong></span> <span class='ocrx_word' id='word_1_164' title='bbox 1773 974 1847 998; x_wconf 81' lang='lat' dir='ltr'><strong>ossa</strong></span> 
     </span>
     <span class='ocr_line' id='line_1_18' title="bbox 259 1010 1845 1058; baseline 0 -12"><span class='ocrx_word' id='word_1_165' title='bbox 259 1012 398 1046; x_wconf 88' lang='lat' dir='ltr'><strong>Achillis</strong></span> <span class='ocrx_word' id='word_1_166' title='bbox 425 1012 598 1046; x_wconf 83' lang='lat' dir='ltr'><strong>sustulisse</strong></span> <span class='ocrx_word' id='word_1_167' title='bbox 624 1015 787 1057; x_wconf 88' lang='lat' dir='ltr'><strong>putamus,</strong></span> <span class='ocrx_word' id='word_1_168' title='bbox 814 1015 849 1045; x_wconf 94' lang='lat' dir='ltr'><strong>ut</strong></span> <span class='ocrx_word' id='word_1_169' title='bbox 875 1023 921 1054; x_wconf 82' lang='lat' dir='ltr'><strong>ea,</strong></span> <span class='ocrx_word' id='word_1_170' title='bbox 950 1013 971 1047; x_wconf 88' lang='lat' dir='ltr'><strong>i.</strong></span> <span class='ocrx_word' id='word_1_171' title='bbox 1000 1024 1026 1047; x_wconf 85' lang='lat' dir='ltr'><strong>e.</strong></span> <span class='ocrx_word' id='word_1_172' title='bbox 1053 1023 1182 1058; x_wconf 77' lang='lat' dir='ltr'><strong>corp11S,</strong></span> <span class='ocrx_word' id='word_1_173' title='bbox 1208 1015 1283 1057; x_wconf 90' lang='lat' dir='ltr'><strong>post</strong></span> <span class='ocrx_word' id='word_1_174' title='bbox 1303 1011 1496 1045; x_wconf 76' lang='lat' dir='ltr'><strong>lavationem</strong></span> <span class='ocrx_word' id='word_1_175' title='bbox 1516 1023 1533 1045; x_wconf 86' lang='lat' dir='ltr'><strong>a</strong></span> <span class='ocrx_word' id='word_1_176' title='bbox 1550 1011 1683 1045; x_wconf 87' lang='lat' dir='ltr'><strong>flumine</strong></span> <span class='ocrx_word' id='word_1_177' title='bbox 1702 1010 1845 1046; x_wconf 83' lang='lat' dir='ltr'><strong>referret.</strong></span> 
     </span>
     <span class='ocr_line' id='line_1_19' title="bbox 259 1060 1846 1107; baseline 0 -12"><span class='ocrx_word' id='word_1_178' title='bbox 259 1061 382 1096; x_wconf 88' lang='lat' dir='ltr'><strong>Eodem</strong></span> <span class='ocrx_word' id='word_1_179' title='bbox 407 1061 501 1095; x_wconf 91' lang='lat' dir='ltr'><strong>modo</strong></span> <span class='ocrx_word' id='word_1_180' title='bbox 528 1072 657 1096; x_wconf 86' lang='lat' dir='ltr'><strong>versum</strong></span> <span class='ocrx_word' id='word_1_181' title='bbox 687 1060 742 1095; x_wconf 82' lang='lat'><strong>14.</strong></span> <span class='ocrx_word' id='word_1_182' title='bbox 769 1063 801 1094; x_wconf 84' lang='lat' dir='ltr'><strong>et</strong></span> <span class='ocrx_word' id='word_1_183' title='bbox 832 1062 868 1095; x_wconf 88' lang='lat' dir='ltr'><strong>ab</strong></span> <span class='ocrx_word' id='word_1_184' title='bbox 894 1061 1091 1107; x_wconf 86' lang='lat' dir='ltr'><strong>Hertzbergo</strong></span> <span class='ocrx_word' id='word_1_185' title='bbox 1127 1064 1156 1095; x_wconf 85' lang='lat' dir='ltr'><strong>et</strong></span> <span class='ocrx_word' id='word_1_186' title='bbox 1182 1073 1197 1095; x_wconf 89' lang='grc'>3</span> <span class='ocrx_word' id='word_1_187' title='bbox 1224 1060 1337 1095; x_wconf 87' lang='lat' dir='ltr'><strong>Iacobo</strong></span> <span class='ocrx_word' id='word_1_188' title='bbox 1363 1060 1398 1094; x_wconf 90' lang='lat' dir='ltr'><strong>in</strong></span> <span class='ocrx_word' id='word_1_189' title='bbox 1425 1060 1747 1106; x_wconf 84' lang='lat' dir='ltr'><strong>interpretationibus</strong></span> <span class='ocrx_word' id='word_1_190' title='bbox 1773 1071 1846 1106; x_wconf 80' lang='lat' dir='ltr'><strong>ger-</strong></span> 
     </span>
     <span class='ocr_line' id='line_1_20' title="bbox 260 1109 1845 1154; baseline -0.001 -10"><span class='ocrx_word' id='word_1_191' title='bbox 260 1110 394 1144; x_wconf 87' lang='lat' dir='ltr'><strong>manicis</strong></span> <span class='ocrx_word' id='word_1_192' title='bbox 422 1109 619 1144; x_wconf 85' lang='lat' dir='ltr'><strong>intellectum</strong></span> <span class='ocrx_word' id='word_1_193' title='bbox 646 1110 750 1145; x_wconf 84' lang='lat' dir='ltr'><strong>video.</strong></span> <span class='ocrx_word' id='word_1_194' title='bbox 802 1110 1012 1154; x_wconf 81' lang='lat' dir='ltr'><strong>Quamobrem</strong></span> <span class='ocrx_word' id='word_1_195' title='bbox 1038 1111 1153 1144; x_wconf 87' lang='lat' dir='ltr'><strong>tanti</strong></span> <span class='ocrx_word' id='word_1_196' title='bbox 1188 1121 1203 1143; x_wconf 86' lang='lat' dir='ltr'><strong>e</strong></span> <span class='ocrx_word' id='word_1_197' title='bbox 1231 1110 1341 1144; x_wconf 87' lang='lat' dir='ltr'><strong>lauti</strong></span> <span class='ocrx_word' id='word_1_198' title='bbox 1368 1112 1553 1154; x_wconf 84' lang='lat' dir='ltr'><strong>corruptum</strong></span> <span class='ocrx_word' id='word_1_199' title='bbox 1580 1120 1650 1143; x_wconf 87' lang='lat' dir='ltr'><strong>esse</strong></span> <span class='ocrx_word' id='word_1_200' title='bbox 1676 1121 1734 1154; x_wconf 92' lang='lat' dir='ltr'><strong>pro</strong></span> <span class='ocrx_word' id='word_1_201' title='bbox 1761 1112 1845 1143; x_wconf 89' lang='lat' dir='ltr'><strong>certo</strong></span> 
     </span>
     <span class='ocr_line' id='line_1_21' title="bbox 260 1159 1044 1202; baseline 0 -9"><span class='ocrx_word' id='word_1_202' title='bbox 260 1159 357 1193; x_wconf 86' lang='lat' dir='ltr'><strong>habeo</strong></span> <span class='ocrx_word' id='word_1_203' title='bbox 384 1162 551 1202; x_wconf 84' lang='lat' dir='ltr'><strong>totumque</strong></span> <span class='ocrx_word' id='word_1_204' title='bbox 577 1171 704 1193; x_wconf 88' lang='lat' dir='ltr'><strong>versum</strong></span> <span class='ocrx_word' id='word_1_205' title='bbox 733 1159 789 1195; x_wconf 83' lang='lat'><strong>13.</strong></span> <span class='ocrx_word' id='word_1_206' title='bbox 817 1160 863 1193; x_wconf 85' lang='lat' dir='ltr'><strong>sic</strong></span> <span class='ocrx_word' id='word_1_207' title='bbox 889 1160 1044 1193; x_wconf 86' lang='lat' dir='ltr'><strong>rescribo:</strong></span> 
     </span>
     <span class='ocr_line' id='line_1_22' title="bbox 588 1207 1510 1252; baseline -0.001 -11"><span class='ocrx_word' id='word_1_208' title='bbox 588 1207 807 1251; x_wconf 86' lang='lat' dir='ltr'><strong>Foedavitque</strong></span> <span class='ocrx_word' id='word_1_209' title='bbox 834 1220 937 1242; x_wconf 83' lang='lat' dir='ltr'><strong>comas</strong></span> <span class='ocrx_word' id='word_1_210' title='bbox 966 1211 996 1241; x_wconf 86' lang='lat' dir='ltr'><strong>et</strong></span> <span class='ocrx_word' id='word_1_211' title='bbox 1023 1208 1135 1242; x_wconf 85' lang='lat' dir='ltr'><strong>lauti</strong></span> <span class='ocrx_word' id='word_1_212' title='bbox 1161 1220 1275 1252; x_wconf 89' lang='lat' dir='ltr'><strong>corpus</strong></span> <span class='ocrx_word' id='word_1_213' title='bbox 1302 1207 1510 1241; x_wconf 87' lang='lat' dir='ltr'><strong>Achillei.</strong></span> 
     </span>
    </p>
   </div>
   <div class='ocr_carea' id='block_1_4' title="bbox 944 1280 1160 1322">
    <p class='ocr_par' dir='ltr' id='par_1_4' title="bbox 944 1280 1160 1322">
     <span class='ocr_line' id='line_1_23' title="bbox 944 1280 1160 1322; baseline 0.009 -9"><span class='ocrx_word' id='word_1_214' title='bbox 944 1280 1013 1322; x_wconf 75' lang='grc' dir='ltr'><strong>ΠΙ,</strong></span> <span class='ocrx_word' id='word_1_215' title='bbox 1044 1280 1100 1321; x_wconf 71' lang='grc'><strong>18,</strong></span> <span class='ocrx_word' id='word_1_216' title='bbox 1129 1280 1160 1316; x_wconf 85' lang='lat'><strong>5.</strong></span> 
     </span>
    </p>
   </div>
   <div class='ocr_carea' id='block_1_5' title="bbox 552 1337 1580 1380">
    <p class='ocr_par' dir='ltr' id='par_1_5' title="bbox 552 1337 1580 1380">
     <span class='ocr_line' id='line_1_24' title="bbox 552 1337 1580 1380; baseline -0.001 -10"><span class='ocrx_word' id='word_1_217' title='bbox 552 1337 661 1380; x_wconf 90' lang='lat' dir='ltr'><strong>Quid</strong></span> <span class='ocrx_word' id='word_1_218' title='bbox 688 1349 772 1371; x_wconf 87' lang='lat' dir='ltr'><strong>mea</strong></span> <span class='ocrx_word' id='word_1_219' title='bbox 799 1338 835 1370; x_wconf 89' lang='lat' dir='ltr'><strong>si</strong></span> <span class='ocrx_word' id='word_1_220' title='bbox 864 1338 985 1371; x_wconf 87' lang='lat' dir='ltr'><strong>canis</strong></span> <span class='ocrx_word' id='word_1_221' title='bbox 1012 1341 1129 1371; x_wconf 84' lang='lat' dir='ltr'><strong>aetas</strong></span> <span class='ocrx_word' id='word_1_222' title='bbox 1157 1340 1407 1370; x_wconf 82' lang='lat' dir='ltr'><strong>canesceret</strong></span> <span class='ocrx_word' id='word_1_223' title='bbox 1443 1337 1580 1370; x_wconf 89' lang='lat' dir='ltr'><strong>annis.</strong></span> 
     </span>
    </p>
   </div>
   <div class='ocr_carea' id='block_1_6' title="bbox 255 1400 1847 2274">
    <p class='ocr_par' dir='ltr' id='par_1_6' title="bbox 258 1400 1847 1534">
     <span class='ocr_line' id='line_1_25' title="bbox 382 1400 1847 1447; baseline -0.001 -11"><span class='ocrx_word' id='word_1_224' title='bbox 382 1402 435 1436; x_wconf 87' lang='lat' dir='ltr'><strong>Sic</strong></span> <span class='ocrx_word' id='word_1_225' title='bbox 461 1401 580 1447; x_wconf 79' lang='lat' dir='ltr'><strong>legitur</strong></span> <span class='ocrx_word' id='word_1_226' title='bbox 613 1413 726 1435; x_wconf 82' lang='lat' dir='ltr'><strong>versus</strong></span> <span class='ocrx_word' id='word_1_227' title='bbox 762 1402 795 1435; x_wconf 89' lang='lat' dir='ltr'><strong>in</strong></span> <span class='ocrx_word' id='word_1_228' title='bbox 830 1402 918 1438; x_wconf 84' lang='lat' dir='ltr'><strong>codd.</strong></span> <span class='ocrx_word' id='word_1_229' title='bbox 946 1401 985 1435; x_wconf 88' lang='grc' dir='ltr'><strong>Ν,</strong></span> <span class='ocrx_word' id='word_1_230' title='bbox 1014 1405 1040 1435; x_wconf 83' lang='lat' dir='ltr'><strong>et</strong></span> <span class='ocrx_word' id='word_1_231' title='bbox 1070 1401 1110 1435; x_wconf 88' lang='grc' dir='ltr'><strong>Ι).</strong></span> <span class='ocrx_word' id='word_1_232' title='bbox 1148 1402 1317 1445; x_wconf 88' lang='lat' dir='ltr'><strong>eodemque</strong></span> <span class='ocrx_word' id='word_1_233' title='bbox 1351 1401 1445 1435; x_wconf 91' lang='lat' dir='ltr'><strong>modo</strong></span> <span class='ocrx_word' id='word_1_234' title='bbox 1481 1401 1516 1435; x_wconf 90' lang='lat' dir='ltr'><strong>in</strong></span> <span class='ocrx_word' id='word_1_235' title='bbox 1549 1400 1718 1447; x_wconf 81' lang='lat' dir='ltr'><strong>archetypo</strong></span> <span class='ocrx_word' id='word_1_236' title='bbox 1745 1400 1847 1435; x_wconf 87' lang='lat' dir='ltr'><strong>fuisse</strong></span> 
     </span>
     <span class='ocr_line' id='line_1_26' title="bbox 258 1450 1845 1497; baseline -0.001 -12"><span class='ocrx_word' id='word_1_237' title='bbox 258 1452 421 1497; x_wconf 89' lang='lat' dir='ltr'><strong>putandus</strong></span> <span class='ocrx_word' id='word_1_238' title='bbox 449 1454 509 1486; x_wconf 88' lang='lat' dir='ltr'><strong>est.</strong></span> <span class='ocrx_word' id='word_1_239' title='bbox 562 1450 655 1494; x_wconf 86' lang='lat' dir='ltr'><strong>Quod</strong></span> <span class='ocrx_word' id='word_1_240' title='bbox 682 1454 792 1485; x_wconf 88' lang='lat' dir='ltr'><strong>contra</strong></span> <span class='ocrx_word' id='word_1_241' title='bbox 818 1452 884 1486; x_wconf 89' lang='lat' dir='ltr'><strong>cod.</strong></span> <span class='ocrx_word' id='word_1_242' title='bbox 915 1451 953 1487; x_wconf 84' lang='lat' dir='ltr'><strong>G.</strong></span> <span class='ocrx_word' id='word_1_243' title='bbox 982 1452 1149 1485; x_wconf 84' lang='lat' dir='ltr'><strong>verborum</strong></span> <span class='ocrx_word' id='word_1_244' title='bbox 1176 1452 1286 1485; x_wconf 89' lang='lat' dir='ltr'><strong>ordine</strong></span> <span class='ocrx_word' id='word_1_245' title='bbox 1312 1451 1438 1485; x_wconf 83' lang='lat' dir='ltr'><strong>turbato</strong></span> <span class='ocrx_word' id='word_1_246' title='bbox 1466 1451 1610 1496; x_wconf 84' lang='lat' dir='ltr'><strong>ipsisque</strong></span> <span class='ocrx_word' id='word_1_247' title='bbox 1641 1451 1747 1484; x_wconf 85' lang='lat' dir='ltr'><strong>verbis</strong></span> <span class='ocrx_word' id='word_1_248' title='bbox 1778 1462 1845 1484; x_wconf 92' lang='lat' dir='ltr'><strong>non</strong></span> 
     </span>
     <span class='ocr_line' id='line_1_27' title="bbox 260 1500 977 1534; baseline 0 -1"><span class='ocrx_word' id='word_1_249' title='bbox 260 1501 373 1534; x_wconf 79' lang='lat' dir='ltr'><strong>leviter</strong></span> <span class='ocrx_word' id='word_1_250' title='bbox 399 1500 579 1533; x_wconf 80' lang='lat' dir='ltr'><strong>immutatis</strong></span> <span class='ocrx_word' id='word_1_251' title='bbox 607 1510 735 1533; x_wconf 86' lang='lat' dir='ltr'><strong>versum</strong></span> <span class='ocrx_word' id='word_1_252' title='bbox 762 1500 806 1533; x_wconf 84' lang='lat' dir='ltr'><strong>ita</strong></span> <span class='ocrx_word' id='word_1_253' title='bbox 834 1500 977 1533; x_wconf 84' lang='lat' dir='ltr'><strong>exhibet:</strong></span> 
     </span>
    </p>

    <p class='ocr_par' dir='ltr' id='par_1_7' title="bbox 523 1548 1575 1591">
     <span class='ocr_line' id='line_1_28' title="bbox 523 1548 1575 1591; baseline 0.002 -10"><span class='ocrx_word' id='word_1_254' title='bbox 523 1548 631 1591; x_wconf 90' lang='lat' dir='ltr'><strong>Quid</strong></span> <span class='ocrx_word' id='word_1_255' title='bbox 658 1548 693 1581; x_wconf 90' lang='lat' dir='ltr'><strong>si</strong></span> <span class='ocrx_word' id='word_1_256' title='bbox 722 1548 799 1582; x_wconf 80' lang='lat' dir='ltr'><strong>iam</strong></span> <span class='ocrx_word' id='word_1_257' title='bbox 825 1549 946 1583; x_wconf 84' lang='lat' dir='ltr'><strong>canis</strong></span> <span class='ocrx_word' id='word_1_258' title='bbox 974 1552 1093 1583; x_wconf 86' lang='lat' dir='ltr'><strong>aetas</strong></span> <span class='ocrx_word' id='word_1_259' title='bbox 1118 1560 1201 1582; x_wconf 88' lang='lat' dir='ltr'><strong>mea</strong></span> <span class='ocrx_word' id='word_1_260' title='bbox 1227 1549 1408 1583; x_wconf 87' lang='lat' dir='ltr'><strong>candeat</strong></span> <span class='ocrx_word' id='word_1_261' title='bbox 1435 1548 1575 1584; x_wconf 82' lang='lat' dir='ltr'><strong>annis.</strong></span> 
     </span>
    </p>

    <p class='ocr_par' dir='ltr' id='par_1_8' title="bbox 255 1596 1846 2274">
     <span class='ocr_line' id='line_1_29' title="bbox 379 1596 1846 1643; baseline -0.001 -13"><span class='ocrx_word' id='word_1_262' title='bbox 379 1597 469 1630; x_wconf 88' lang='lat' dir='ltr'><strong>Talis</strong></span> <span class='ocrx_word' id='word_1_263' title='bbox 497 1600 642 1642; x_wconf 90' lang='lat' dir='ltr'><strong>receptus</strong></span> <span class='ocrx_word' id='word_1_264' title='bbox 670 1600 717 1631; x_wconf 83' lang='lat' dir='ltr'><strong>est</strong></span> <span class='ocrx_word' id='word_1_265' title='bbox 744 1609 761 1630; x_wconf 87' lang='lat' dir='ltr'><strong>a</strong></span> <span class='ocrx_word' id='word_1_266' title='bbox 786 1597 994 1631; x_wconf 85' lang='lat' dir='ltr'><strong>Lachmanno</strong></span> <span class='ocrx_word' id='word_1_267' title='bbox 1023 1601 1052 1631; x_wconf 83' lang='lat' dir='ltr'><strong>et</strong></span> <span class='ocrx_word' id='word_1_268' title='bbox 1079 1599 1115 1631; x_wconf 88' lang='lat' dir='ltr'><strong>ab</strong></span> <span class='ocrx_word' id='word_1_269' title='bbox 1142 1597 1348 1643; x_wconf 84' lang='lat' dir='ltr'><strong>Hertzbergo.</strong></span> <span class='ocrx_word' id='word_1_270' title='bbox 1399 1597 1562 1631; x_wconf 87' lang='lat' dir='ltr'><strong>Lucianus</strong></span> <span class='ocrx_word' id='word_1_271' title='bbox 1597 1600 1701 1631; x_wconf 82' lang='lat' dir='ltr'><strong>autem</strong></span> <span class='ocrx_word' id='word_1_272' title='bbox 1728 1596 1846 1630; x_wconf 84' lang='lat' dir='ltr'><strong>Miiller</strong></span> 
     </span>
     <span class='ocr_line' id='line_1_30' title="bbox 258 1645 1843 1692; baseline -0.002 -10"><span class='ocrx_word' id='word_1_273' title='bbox 258 1648 425 1682; x_wconf 82' lang='lat' dir='ltr'><strong>verborum</strong></span> <span class='ocrx_word' id='word_1_274' title='bbox 446 1645 571 1687; x_wconf 88' lang='lat' dir='ltr'><strong>ordine,</strong></span> <span class='ocrx_word' id='word_1_275' title='bbox 598 1649 635 1680; x_wconf 91' lang='lat' dir='ltr'><strong>ut</strong></span> <span class='ocrx_word' id='word_1_276' title='bbox 656 1649 703 1680; x_wconf 91' lang='lat' dir='ltr'><strong>est</strong></span> <span class='ocrx_word' id='word_1_277' title='bbox 724 1646 758 1679; x_wconf 93' lang='lat' dir='ltr'><strong>in</strong></span> <span class='ocrx_word' id='word_1_278' title='bbox 779 1646 831 1687; x_wconf 60' lang='lat' dir='ltr'><strong>N„</strong></span> <span class='ocrx_word' id='word_1_279' title='bbox 859 1649 985 1680; x_wconf 85' lang='lat' dir='ltr'><strong>servato</strong></span> <span class='ocrx_word' id='word_1_280' title='bbox 1001 1659 1059 1692; x_wconf 91' lang='lat' dir='ltr'><strong>pro</strong></span> <span class='ocrx_word' id='word_1_281' title='bbox 1087 1649 1334 1689; x_wconf 78' lang='lat' dir='ltr'><strong>canesceret</strong></span> <span class='ocrx_word' id='word_1_282' title='bbox 1361 1658 1431 1680; x_wconf 89' lang='lat' dir='ltr'><strong>cnm</strong></span> <span class='ocrx_word' id='word_1_283' title='bbox 1457 1646 1597 1680; x_wconf 86' lang='lat' dir='ltr'><strong>Heinsio</strong></span> <span class='ocrx_word' id='word_1_284' title='bbox 1624 1646 1843 1680; x_wconf 84' lang='lat' dir='ltr'><strong>candesce-</strong></span> 
     </span>
     <span class='ocr_line' id='line_1_31' title="bbox 256 1693 1844 1740; baseline -0.001 -10"><span class='ocrx_word' id='word_1_285' title='bbox 256 1700 315 1731; x_wconf 86' lang='lat' dir='ltr'><strong>ret</strong></span> <span class='ocrx_word' id='word_1_286' title='bbox 341 1695 473 1740; x_wconf 86' lang='lat' dir='ltr'><strong>reponit</strong></span> <span class='ocrx_word' id='word_1_287' title='bbox 496 1699 603 1738; x_wconf 77' lang='lat' dir='ltr'><strong>atque..</strong></span> <span class='ocrx_word' id='word_1_288' title='bbox 630 1698 666 1728; x_wconf 90' lang='lat' dir='ltr'><strong>ut</strong></span> <span class='ocrx_word' id='word_1_289' title='bbox 692 1695 726 1728; x_wconf 90' lang='lat' dir='ltr'><strong>in</strong></span> <span class='ocrx_word' id='word_1_290' title='bbox 752 1695 870 1729; x_wconf 86' lang='lat' dir='ltr'><strong>vicinis</strong></span> <span class='ocrx_word' id='word_1_291' title='bbox 890 1696 995 1729; x_wconf 89' lang='lat' dir='ltr'><strong>verbis</strong></span> <span class='ocrx_word' id='word_1_292' title='bbox 1022 1695 1141 1729; x_wconf 86' lang='lat' dir='ltr'><strong>canis</strong></span> <span class='ocrx_word' id='word_1_293' title='bbox 1169 1699 1198 1728; x_wconf 82' lang='lat' dir='ltr'><strong>et</strong></span> <span class='ocrx_word' id='word_1_294' title='bbox 1224 1696 1502 1729; x_wconf 87' lang='lat' dir='ltr'><strong>candesceret</strong></span> <span class='ocrx_word' id='word_1_295' title='bbox 1528 1695 1613 1729; x_wconf 90' lang='lat' dir='ltr'><strong>nihil</strong></span> <span class='ocrx_word' id='word_1_296' title='bbox 1644 1705 1714 1728; x_wconf 90' lang='lat' dir='ltr'><strong>esse</strong></span> <span class='ocrx_word' id='word_1_297' title='bbox 1741 1693 1844 1728; x_wconf 81' lang='lat' dir='ltr'><strong>offen-</strong></span> 
     </span>
     <span class='ocr_line' id='line_1_32' title="bbox 257 1742 1844 1787; baseline -0.002 -8"><span class='ocrx_word' id='word_1_298' title='bbox 257 1745 361 1779; x_wconf 90' lang='lat' dir='ltr'><strong>sionis</strong></span> <span class='ocrx_word' id='word_1_299' title='bbox 388 1744 508 1785; x_wconf 85' lang='lat' dir='ltr'><strong>doceat,</strong></span> <span class='ocrx_word' id='word_1_300' title='bbox 535 1743 572 1776; x_wconf 91' lang='lat' dir='ltr'><strong>ad</strong></span> <span class='ocrx_word' id='word_1_301' title='bbox 601 1743 717 1778; x_wconf 81' lang='lat' dir='ltr'><strong>catull.</strong></span> <span class='ocrx_word' id='word_1_302' title='bbox 745 1742 804 1785; x_wconf 79' lang='lat'><strong>64,</strong></span> <span class='ocrx_word' id='word_1_303' title='bbox 834 1744 889 1778; x_wconf 85' lang='lat'><strong>13.</strong></span> <span class='ocrx_word' id='word_1_304' title='bbox 919 1744 974 1778; x_wconf 84' lang='lat'><strong>14.</strong></span> <span class='ocrx_word' id='word_1_305' title='bbox 1003 1747 1034 1778; x_wconf 87' lang='lat' dir='ltr'><strong>et</strong></span> <span class='ocrx_word' id='word_1_306' title='bbox 1061 1744 1179 1778; x_wconf 87' lang='lat' dir='ltr'><strong>Tibull.</strong></span> <span class='ocrx_word' id='word_1_307' title='bbox 1206 1744 1234 1784; x_wconf 68' lang='lat' dir='ltr'><strong>I,</strong></span> <span class='ocrx_word' id='word_1_308' title='bbox 1265 1743 1322 1785; x_wconf 76' lang='lat'><strong>10,</strong></span> <span class='ocrx_word' id='word_1_309' title='bbox 1351 1743 1407 1777; x_wconf 75' lang='lat'><strong>43.</strong></span> <span class='ocrx_word' id='word_1_310' title='bbox 1435 1746 1470 1777; x_wconf 91' lang='lat' dir='ltr'><strong>ut</strong></span> <span class='ocrx_word' id='word_1_311' title='bbox 1497 1743 1620 1777; x_wconf 88' lang='lat' dir='ltr'><strong>similes</strong></span> <span class='ocrx_word' id='word_1_312' title='bbox 1647 1742 1734 1776; x_wconf 91' lang='lat' dir='ltr'><strong>locos</strong></span> <span class='ocrx_word' id='word_1_313' title='bbox 1765 1754 1844 1787; x_wconf 88' lang='lat' dir='ltr'><strong>pro-</strong></span> 
     </span>
     <span class='ocr_line' id='line_1_33' title="bbox 256 1790 1843 1837; baseline -0.002 -10"><span class='ocrx_word' id='word_1_314' title='bbox 256 1796 358 1828; x_wconf 88' lang='lat' dir='ltr'><strong>vocat.</strong></span> <span class='ocrx_word' id='word_1_315' title='bbox 411 1791 473 1825; x_wconf 80' lang='lat' dir='ltr'><strong>Sed</strong></span> <span class='ocrx_word' id='word_1_316' title='bbox 508 1791 562 1826; x_wconf 89' lang='lat' dir='ltr'><strong>ille</strong></span> <span class='ocrx_word' id='word_1_317' title='bbox 593 1791 682 1825; x_wconf 91' lang='lat' dir='ltr'><strong>locus</strong></span> <span class='ocrx_word' id='word_1_318' title='bbox 718 1792 755 1825; x_wconf 92' lang='lat' dir='ltr'><strong>de</strong></span> <span class='ocrx_word' id='word_1_319' title='bbox 788 1792 871 1826; x_wconf 86' lang='lat' dir='ltr'><strong>vitio</strong></span> <span class='ocrx_word' id='word_1_320' title='bbox 898 1796 1067 1837; x_wconf 88' lang='lat' dir='ltr'><strong>suspectus</strong></span> <span class='ocrx_word' id='word_1_321' title='bbox 1096 1795 1126 1825; x_wconf 78' lang='lat' dir='ltr'><strong>et</strong></span> <span class='ocrx_word' id='word_1_322' title='bbox 1146 1804 1168 1825; x_wconf 92' lang='lat' dir='ltr'><strong>·a</strong></span> <span class='ocrx_word' id='word_1_323' title='bbox 1194 1792 1390 1826; x_wconf 88' lang='lat' dir='ltr'><strong>Baehrensio</strong></span> <span class='ocrx_word' id='word_1_324' title='bbox 1424 1791 1622 1825; x_wconf 87' lang='lat' dir='ltr'><strong>assentiente</strong></span> <span class='ocrx_word' id='word_1_325' title='bbox 1654 1790 1697 1825; x_wconf 91' lang='lat' dir='ltr'><strong>H.</strong></span> <span class='ocrx_word' id='word_1_326' title='bbox 1724 1791 1843 1836; x_wconf 82' lang='lat' dir='ltr'><strong>Magno</strong></span> 
     </span>
     <span class='ocr_line' id='line_1_34' title="bbox 258 1840 1843 1886; baseline -0.001 -11"><span class='ocrx_word' id='word_1_327' title='bbox 258 1843 353 1886; x_wconf 83' lang='lat' dir='ltr'><strong>longe</strong></span> <span class='ocrx_word' id='word_1_328' title='bbox 386 1841 479 1874; x_wconf 87' lang='lat' dir='ltr'><strong>aliter</strong></span> <span class='ocrx_word' id='word_1_329' title='bbox 514 1840 711 1874; x_wconf 88' lang='lat' dir='ltr'><strong>constitutus</strong></span> <span class='ocrx_word' id='word_1_330' title='bbox 747 1844 808 1882; x_wconf 76' lang='lat' dir='ltr'><strong>est,</strong></span> <span class='ocrx_word' id='word_1_331' title='bbox 842 1841 877 1874; x_wconf 93' lang='lat' dir='ltr'><strong>in</strong></span> <span class='ocrx_word' id='word_1_332' title='bbox 913 1840 973 1875; x_wconf 91' lang='lat' dir='ltr'><strong>hoc</strong></span> <span class='ocrx_word' id='word_1_333' title='bbox 1006 1844 1111 1874; x_wconf 90' lang='lat' dir='ltr'><strong>autem</strong></span> <span class='ocrx_word' id='word_1_334' title='bbox 1145 1841 1305 1885; x_wconf 86' lang='lat' dir='ltr'><strong>capitis</strong></span> <span class='ocrx_word' id='word_1_335' title='bbox 1333 1841 1421 1874; x_wconf 85' lang='lat' dir='ltr'><strong>canis</strong></span> <span class='ocrx_word' id='word_1_336' title='bbox 1456 1840 1597 1874; x_wconf 86' lang='lat' dir='ltr'><strong>crinibus</strong></span> <span class='ocrx_word' id='word_1_337' title='bbox 1624 1840 1843 1873; x_wconf 83' lang='lat' dir='ltr'><strong>candescentis</strong></span> 
     </span>
     <span class='ocr_line' id='line_1_35' title="bbox 255 1888 1843 1932; baseline -0.002 -8"><span class='ocrx_word' id='word_1_338' title='bbox 255 1890 377 1924; x_wconf 89' lang='lat' dir='ltr'><strong>mentio</strong></span> <span class='ocrx_word' id='word_1_339' title='bbox 405 1889 452 1923; x_wconf 84' lang='lat' dir='ltr'><strong>fit.</strong></span> <span class='ocrx_word' id='word_1_340' title='bbox 504 1889 611 1931; x_wconf 84' lang='lat' dir='ltr'><strong>Atque</strong></span> <span class='ocrx_word' id='word_1_341' title='bbox 637 1888 775 1932; x_wconf 88' lang='lat' dir='ltr'><strong>capiti</strong></span> <span class='ocrx_word' id='word_1_342' title='bbox 802 1890 930 1932; x_wconf 89' lang='lat' dir='ltr'><strong>quidem</strong></span> <span class='ocrx_word' id='word_1_343' title='bbox 957 1901 1060 1923; x_wconf 89' lang='lat' dir='ltr'><strong>cano</strong></span> <span class='ocrx_word' id='word_1_344' title='bbox 1088 1889 1293 1923; x_wconf 87' lang='lat' dir='ltr'><strong>candescendi</strong></span> <span class='ocrx_word' id='word_1_345' title='bbox 1325 1890 1455 1923; x_wconf 90' lang='lat' dir='ltr'><strong>verbum</strong></span> <span class='ocrx_word' id='word_1_346' title='bbox 1488 1888 1624 1923; x_wconf 86' lang='lat' dir='ltr'><strong>maxime</strong></span> <span class='ocrx_word' id='word_1_347' title='bbox 1651 1890 1700 1921; x_wconf 84' lang='lat' dir='ltr'><strong>est</strong></span> <span class='ocrx_word' id='word_1_348' title='bbox 1725 1899 1843 1922; x_wconf 82' lang='lat' dir='ltr'><strong>conve-</strong></span> 
     </span>
     <span class='ocr_line' id='line_1_36' title="bbox 256 1936 1842 1981; baseline -0.001 -9"><span class='ocrx_word' id='word_1_349' title='bbox 256 1940 368 1973; x_wconf 88' lang='lat' dir='ltr'><strong>niens:</strong></span> <span class='ocrx_word' id='word_1_350' title='bbox 404 1938 564 1980; x_wconf 89' lang='lat' dir='ltr'><strong>quomodo</strong></span> <span class='ocrx_word' id='word_1_351' title='bbox 599 1940 704 1970; x_wconf 80' lang='lat' dir='ltr'><strong>autem</strong></span> <span class='ocrx_word' id='word_1_352' title='bbox 738 1941 918 1972; x_wconf 87' lang='lat' dir='ltr'><strong>aetatem</strong></span> <span class='ocrx_word' id='word_1_353' title='bbox 954 1938 1075 1972; x_wconf 88' lang='lat' dir='ltr'><strong>canis</strong></span> <span class='ocrx_word' id='word_1_354' title='bbox 1108 1938 1233 1972; x_wconf 90' lang='lat' dir='ltr'><strong>annis</strong></span> <span class='ocrx_word' id='word_1_355' title='bbox 1269 1938 1599 1972; x_wconf 86' lang='lat' dir='ltr'><strong>candescentem</strong></span> <span class='ocrx_word' id='word_1_356' title='bbox 1633 1936 1691 1970; x_wconf 90' lang='lat' dir='ltr'><strong>tibi</strong></span> <span class='ocrx_word' id='word_1_357' title='bbox 1725 1936 1842 1981; x_wconf 77' lang='lat' dir='ltr'><strong>fingas,</strong></span> 
     </span>
     <span class='ocr_line' id='line_1_37' title="bbox 256 1984 1842 2031; baseline -0.002 -10"><span class='ocrx_word' id='word_1_358' title='bbox 256 1991 290 2021; x_wconf 91' lang='lat' dir='ltr'><strong>tu</strong></span> <span class='ocrx_word' id='word_1_359' title='bbox 317 1987 400 2022; x_wconf 83' lang='lat' dir='ltr'><strong>vide.</strong></span> <span class='ocrx_word' id='word_1_360' title='bbox 453 1986 580 2030; x_wconf 87' lang='lat' dir='ltr'><strong>Duplex</strong></span> <span class='ocrx_word' id='word_1_361' title='bbox 607 1985 693 2018; x_wconf 90' lang='lat' dir='ltr'><strong>enim</strong></span> <span class='ocrx_word' id='word_1_362' title='bbox 719 1986 753 2019; x_wconf 92' lang='lat' dir='ltr'><strong>in</strong></span> <span class='ocrx_word' id='word_1_363' title='bbox 781 1997 816 2021; x_wconf 87' lang='lat' dir='ltr'><strong>eo</strong></span> <span class='ocrx_word' id='word_1_364' title='bbox 845 1998 960 2031; x_wconf 86' lang='lat' dir='ltr'><strong>genere</strong></span> <span class='ocrx_word' id='word_1_365' title='bbox 988 1987 1111 2020; x_wconf 90' lang='lat' dir='ltr'><strong>dicendi</strong></span> <span class='ocrx_word' id='word_1_366' title='bbox 1139 1989 1259 2026; x_wconf 80' lang='grc' dir='ltr'><em>τρόπος</em></span> <span class='ocrx_word' id='word_1_367' title='bbox 1286 1986 1419 2027; x_wconf 85' lang='lat' dir='ltr'><strong>inesset,</strong></span> <span class='ocrx_word' id='word_1_368' title='bbox 1447 1997 1517 2019; x_wconf 89' lang='lat' dir='ltr'><strong>cum</strong></span> <span class='ocrx_word' id='word_1_369' title='bbox 1544 1988 1661 2019; x_wconf 86' lang='lat' dir='ltr'><strong>aetas</strong></span> <span class='ocrx_word' id='word_1_370' title='bbox 1688 1997 1746 2029; x_wconf 91' lang='lat' dir='ltr'><strong>pro</strong></span> <span class='ocrx_word' id='word_1_371' title='bbox 1770 1984 1842 2030; x_wconf 91' lang='lat' dir='ltr'><strong>ipso</strong></span> 
     </span>
     <span class='ocr_line' id='line_1_38' title="bbox 257 2033 1842 2080; baseline -0.002 -11"><span class='ocrx_word' id='word_1_372' title='bbox 257 2036 400 2077; x_wconf 89' lang='lat' dir='ltr'><strong>homine,</strong></span> <span class='ocrx_word' id='word_1_373' title='bbox 436 2035 505 2068; x_wconf 87' lang='lat' dir='ltr'><strong>cani</strong></span> <span class='ocrx_word' id='word_1_374' title='bbox 543 2038 649 2068; x_wconf 79' lang='lat' dir='ltr'><strong>aulem</strong></span> <span class='ocrx_word' id='word_1_375' title='bbox 685 2035 763 2068; x_wconf 88' lang='lat' dir='ltr'><strong>anni</strong></span> <span class='ocrx_word' id='word_1_376' title='bbox 796 2047 854 2079; x_wconf 91' lang='lat' dir='ltr'><strong>pro</strong></span> <span class='ocrx_word' id='word_1_377' title='bbox 891 2035 1008 2069; x_wconf 84' lang='lat' dir='ltr'><strong>talibus</strong></span> <span class='ocrx_word' id='word_1_378' title='bbox 1043 2035 1141 2069; x_wconf 78' lang='lat' dir='ltr'><strong>comis</strong></span> <span class='ocrx_word' id='word_1_379' title='bbox 1175 2035 1347 2080; x_wconf 84' lang='lat' dir='ltr'><strong>accipiendi</strong></span> <span class='ocrx_word' id='word_1_380' title='bbox 1383 2037 1504 2068; x_wconf 90' lang='lat' dir='ltr'><strong>essent.</strong></span> <span class='ocrx_word' id='word_1_381' title='bbox 1560 2033 1667 2067; x_wconf 86' lang='lat' dir='ltr'><strong>Nimia</strong></span> <span class='ocrx_word' id='word_1_382' title='bbox 1699 2033 1842 2078; x_wconf 89' lang='lat' dir='ltr'><strong>profecto</strong></span> 
     </span>
     <span class='ocr_line' id='line_1_39' title="bbox 255 2082 1841 2127; baseline -0.002 -9"><span class='ocrx_word' id='word_1_383' title='bbox 255 2084 383 2118; x_wconf 84' lang='lat' dir='ltr'><strong>audacia</strong></span> <span class='ocrx_word' id='word_1_384' title='bbox 419 2086 449 2115; x_wconf 86' lang='lat' dir='ltr'><strong>et</strong></span> <span class='ocrx_word' id='word_1_385' title='bbox 485 2094 524 2115; x_wconf 88' lang='lat' dir='ltr'><strong>ne</strong></span> <span class='ocrx_word' id='word_1_386' title='bbox 558 2085 670 2127; x_wconf 87' lang='lat' dir='ltr'><strong>poetae</strong></span> <span class='ocrx_word' id='word_1_387' title='bbox 705 2083 831 2126; x_wconf 90' lang='lat' dir='ltr'><strong>quidem</strong></span> <span class='ocrx_word' id='word_1_388' title='bbox 864 2084 1030 2117; x_wconf 89' lang='lat' dir='ltr'><strong>concessa!</strong></span> <span class='ocrx_word' id='word_1_389' title='bbox 1090 2083 1171 2116; x_wconf 87' lang='lat' dir='ltr'><strong>Mihi</strong></span> <span class='ocrx_word' id='word_1_390' title='bbox 1207 2095 1283 2117; x_wconf 89' lang='lat' dir='ltr'><strong>vero</strong></span> <span class='ocrx_word' id='word_1_391' title='bbox 1318 2083 1363 2125; x_wconf 91' lang='lat' dir='ltr'><strong>id,</strong></span> <span class='ocrx_word' id='word_1_392' title='bbox 1399 2082 1484 2125; x_wconf 88' lang='lat' dir='ltr'><strong>quod</strong></span> <span class='ocrx_word' id='word_1_393' title='bbox 1517 2085 1565 2116; x_wconf 88' lang='lat' dir='ltr'><strong>est</strong></span> <span class='ocrx_word' id='word_1_394' title='bbox 1600 2083 1635 2115; x_wconf 89' lang='lat' dir='ltr'><strong>in</strong></span> <span class='ocrx_word' id='word_1_395' title='bbox 1670 2082 1841 2124; x_wconf 77' lang='lat' dir='ltr'><strong>codicibus,</strong></span> 
     </span>
     <span class='ocr_line' id='line_1_40' title="bbox 255 2130 1842 2176; baseline -0.003 -10"><span class='ocrx_word' id='word_1_396' title='bbox 255 2135 508 2166; x_wconf 80' lang='lat' dir='ltr'><strong>canesceret</strong></span> <span class='ocrx_word' id='word_1_397' title='bbox 535 2143 601 2165; x_wconf 91' lang='lat' dir='ltr'><strong>non</strong></span> <span class='ocrx_word' id='word_1_398' title='bbox 623 2142 638 2163; x_wconf 89' lang='lat' dir='ltr'><strong>e</strong></span> <span class='ocrx_word' id='word_1_399' title='bbox 665 2131 959 2171; x_wconf 76' lang='lat' dir='ltr'><strong>candesceret,</strong></span> <span class='ocrx_word' id='word_1_400' title='bbox 987 2132 1071 2165; x_wconf 87' lang='lat' dir='ltr'><strong>sede</strong></span> <span class='ocrx_word' id='word_1_401' title='bbox 1091 2135 1348 2166; x_wconf 84' lang='lat' dir='ltr'><strong>vanesceret</strong></span> <span class='ocrx_word' id='word_1_402' title='bbox 1375 2133 1572 2176; x_wconf 84' lang='lat' dir='ltr'><strong>corruptum,</strong></span> <span class='ocrx_word' id='word_1_403' title='bbox 1600 2130 1717 2165; x_wconf 89' lang='lat' dir='ltr'><strong>vitium</strong></span> <span class='ocrx_word' id='word_1_404' title='bbox 1737 2133 1842 2163; x_wconf 86' lang='lat' dir='ltr'><strong>autem</strong></span> 
     </span>
     <span class='ocr_line' id='line_1_41' title="bbox 255 2178 1841 2225; baseline -0.002 -11"><span class='ocrx_word' id='word_1_405' title='bbox 255 2181 330 2214; x_wconf 90' lang='lat' dir='ltr'><strong>inde</strong></span> <span class='ocrx_word' id='word_1_406' title='bbox 361 2183 468 2214; x_wconf 90' lang='lat' dir='ltr'><strong>ortum</strong></span> <span class='ocrx_word' id='word_1_407' title='bbox 500 2180 639 2222; x_wconf 87' lang='lat' dir='ltr'><strong>videtur,</strong></span> <span class='ocrx_word' id='word_1_408' title='bbox 675 2181 759 2222; x_wconf 91' lang='lat' dir='ltr'><strong>quod</strong></span> <span class='ocrx_word' id='word_1_409' title='bbox 794 2192 855 2214; x_wconf 84' lang='lat' dir='ltr'><strong>vox</strong></span> <span class='ocrx_word' id='word_1_410' title='bbox 891 2181 1009 2214; x_wconf 85' lang='lat' dir='ltr'><strong>canis</strong></span> <span class='ocrx_word' id='word_1_411' title='bbox 1042 2180 1136 2214; x_wconf 91' lang='lat' dir='ltr'><strong>modo</strong></span> <span class='ocrx_word' id='word_1_412' title='bbox 1172 2181 1290 2225; x_wconf 86' lang='lat' dir='ltr'><strong>scripta</strong></span> <span class='ocrx_word' id='word_1_413' title='bbox 1326 2180 1426 2214; x_wconf 89' lang='lat' dir='ltr'><strong>adhuc</strong></span> <span class='ocrx_word' id='word_1_414' title='bbox 1461 2180 1495 2213; x_wconf 91' lang='lat' dir='ltr'><strong>in</strong></span> <span class='ocrx_word' id='word_1_415' title='bbox 1531 2182 1637 2213; x_wconf 82' lang='lat' dir='ltr'><strong>mente</strong></span> <span class='ocrx_word' id='word_1_416' title='bbox 1672 2178 1841 2213; x_wconf 86' lang='lat' dir='ltr'><strong>scribentis</strong></span> 
     </span>
     <span class='ocr_line' id='line_1_42' title="bbox 255 2228 1841 2274; baseline -0.002 -11"><span class='ocrx_word' id='word_1_417' title='bbox 255 2230 411 2264; x_wconf 80' lang='lat' dir='ltr'><strong>haerebat.</strong></span> <span class='ocrx_word' id='word_1_418' title='bbox 464 2229 586 2262; x_wconf 86' lang='lat' dir='ltr'><strong>Versus</strong></span> <span class='ocrx_word' id='word_1_419' title='bbox 622 2229 667 2262; x_wconf 83' lang='lat' dir='ltr'><strong>sic</strong></span> <span class='ocrx_word' id='word_1_420' title='bbox 703 2229 879 2274; x_wconf 77' lang='lat' dir='ltr'><strong>rescriptus</strong></span> <span class='ocrx_word' id='word_1_421' title='bbox 916 2229 974 2263; x_wconf 89' lang='lat' dir='ltr'><strong>hoc</strong></span> <span class='ocrx_word' id='word_1_422' title='bbox 1008 2229 1073 2263; x_wconf 83' lang='lat' dir='ltr'><strong>fere</strong></span> <span class='ocrx_word' id='word_1_423' title='bbox 1109 2229 1285 2274; x_wconf 78' lang='lat' dir='ltr'><strong>significat:</strong></span> <span class='ocrx_word' id='word_1_424' title='bbox 1323 2228 1432 2272; x_wconf 62' lang='lat' dir='ltr'><strong>Quid?</strong></span> <span class='ocrx_word' id='word_1_425' title='bbox 1468 2229 1496 2262; x_wconf 86' lang='lat' dir='ltr'><strong>si</strong></span> <span class='ocrx_word' id='word_1_426' title='bbox 1530 2231 1615 2262; x_wconf 85' lang='lat' dir='ltr'><strong>aetas</strong></span> <span class='ocrx_word' id='word_1_427' title='bbox 1644 2228 1746 2272; x_wconf 83' lang='lat' dir='ltr'><strong>(vita)</strong></span> <span class='ocrx_word' id='word_1_428' title='bbox 1774 2237 1841 2260; x_wconf 90' lang='lat' dir='ltr'><strong>mea</strong></span> 
     </span>
    </p>
   </div>
  </div>
 </body>
</html>
