2118 2698
1006 193 1045 224 21

237 290 317 337 dit)
343 290 382 325 ad
408 289 614 337 Groningani
639 290 763 326 littam
788 291 974 337 respiciant.
980 290 1016 337 *)
1059 290 1222 326 Nimirum
1246 291 1303 325 illo
1330 294 1473 336 tempore
1494 291 1562 326 cod.
1585 290 1624 326 G.
1651 291 1817 325 etiamtum

237 350 272 374 ea
305 339 494 374 auctoritate
528 340 686 383 utebatur,
720 351 783 385 qua
820 351 898 379 eum
917 342 1043 385 postea
1075 339 1241 385 Hauptius
1277 339 1477 395 maximeque
1511 333 1747 375 Heimreicbius
1786 343 1818 374 et

239 387 430 423 Grummius
453 390 620 424 exuerunt.
671 388 736 423 Sed
767 400 808 424 ne
833 388 1049 434 Hertzbergus
1084 387 1228 432 quidem,
1262 388 1410 433 quamvis
1446 387 1496 423 hic
1528 398 1655 432 quoque
1679 387 1817 423 codicem

239 434 278 473 G.
304 435 340 470 in
366 446 492 470 summo
518 435 641 470 honore
666 436 790 479 habeat,
816 436 849 472 h.
875 435 898 473 Ι.
926 436 995 471 eius
1020 437 1181 471 rationem
1207 436 1382 472 habendam
1407 447 1478 470 esse
1503 439 1623 479 censet,
1657 437 1712 470 sed
1738 448 1817 482 pro-

238 485 308 519 bata
333 484 538 531 Neapolitani
564 484 700 520 lectione
725 487 832 529 verba,
858 488 896 520 ut
920 487 1030 520 extant
1055 485 1092 520 in
1118 496 1168 528 eo,
1194 484 1348 532 exemplis
1374 484 1506 519 nonita
1522 483 1660 518 feliciter
1677 484 1817 520 collectis

238 532 405 568 defendere
430 534 548 568 studet.
598 534 674 570 Iure
706 537 811 570 autem
838 533 1005 579 Hauptius
1037 537 1069 568 et
1093 533 1172 570 Luc.
1197 534 1329 578 muer,
1365 534 1487 579 quippe
1522 533 1605 567 idem
1639 534 1817 568 sentientes

238 592 308 616 cum
333 580 554 626 Lachmanno,
581 582 637 628 qui
663 582 800 626 dubitat,
825 593 905 617 num
931 581 1029 617 latine
1055 582 1117 616 dici
1134 581 1242 628 possit
1259 593 1314 616 me
1339 581 1481 616 laedit
1505 581 1552 615 ad
1578 592 1724 623 aures,
1744 581 1817 615 baec

239 631 332 668 verba
369 643 405 666 ea
442 643 530 666 cruce
569 632 795 678 signaverunt,
829 643 922 676 quae,
957 641 1051 675 quam
1087 633 1236 678 suspecta
1269 631 1350 676 sint,
1386 630 1505 666 diserte
1544 630 1663 667 doceat.
1727 628 1818 675 Quod

239 683 400 725 superest,
425 679 503 714 Luc.
531 680 650 714 muller
675 680 711 714 in
736 680 837 725 praef.
865 679 904 714 ad
928 679 1041 725 Prop.,
1066 683 1104 715 ut
1128 680 1197 714 loco
1218 684 1329 714 nostro
1347 680 1522 722 medeatur,
1548 679 1686 714 fortasse
1711 690 1819 713 vocem

240 728 414 763 delatus
441 728 659 775 reponendam
685 739 755 763 esse
780 731 900 764 censet.
951 727 1037 773 Quae
1061 728 1181 764 medela
1206 739 1247 763 ne
1277 728 1371 764 nobis
1398 727 1525 773 quidem
1557 728 1668 774 inepta
1693 727 1821 762 videtur

240 789 343 822 neque
369 777 555 820 iniucunda,
582 778 637 813 sed
663 781 769 812 tamen
796 777 921 814 litterae
945 778 1090 813 vocabuli
1115 778 1325 813 commendati
1349 778 1449 813 nimis
1482 777 1664 823 discrepant
1697 777 1734 811 ab
1759 777 1819 816 eis,

240 836 319 869 quae
346 829 425 860 sunt
450 827 486 860 in
511 827 626 862 codice.
666 825 781 870 Itaque
798 827 975 870 videamus,
1001 827 1104 861 aliane
1121 827 1202 861 ratio
1222 826 1411 861 emendandi
1429 837 1526 870 eaque
1543 827 1611 860 veri
1629 825 1768 860 similior
1785 837 1820 860 se

240 875 395 920 praebeat.
449 874 528 910 Cum
561 875 656 910 verba
690 874 738 909 ad
771 886 899 910 aures
931 875 1049 910 intacta
1084 875 1266 918 videantur,
1300 875 1432 909 verbum
1466 874 1617 908 movendi
1655 873 1820 908 interiisse

240 926 490 958 consentaneum
522 927 581 960 est.
631 923 695 959 Nec
726 935 802 958 vero
837 924 919 959 illud
953 924 1070 967 solum,
1106 924 1162 958 sed
1196 923 1293 958 simul
1319 923 1419 967 aliud,
1455 935 1518 968 quo
1553 934 1654 969 genus
1680 923 1819 957 rumoris

240 972 415 1006 accuratius
451 972 649 1006 definiretur.
709 971 802 1016 Quod
835 973 963 1016 quidem
1006 984 1074 1006 non
1110 973 1239 1007 obscure
1273 972 1435 1006 indicatur
1467 972 1660 1018 pentametri
1695 972 1818 1006 verbis:

241 1023 299 1063 „et
322 1020 358 1054 in
381 1023 449 1055 tota
474 1032 543 1055 non
568 1021 705 1056 bonus
732 1021 808 1055 urbe
842 1020 931 1056 fuit⁶⁴
935 1046 944 1064 ,
979 1032 1058 1066 quae
1090 1032 1198 1056 vocem
1233 1020 1392 1065 quandam
1423 1021 1485 1055 sibi
1517 1020 1700 1076 oppositam
1726 1019 1819 1064 quasi

241 1067 432 1115 efflagitant.
471 1069 578 1114 Atque
604 1072 716 1104 nostra
741 1069 870 1114 quidem
896 1071 1057 1105 sententia
1083 1070 1210 1105 interiit
1235 1068 1391 1113 malus,
1417 1070 1507 1104 euius
1529 1068 1666 1115 vestigia
1688 1068 1724 1103 in
1749 1069 1820 1115 pri-

241 1117 350 1152 oribus
377 1117 495 1152 litteris
522 1118 639 1153 codicis
665 1118 704 1152 N.
740 1118 842 1154 adhuc
874 1130 1093 1165 recognoscas.
1145 1119 1209 1153 Sed
1233 1118 1365 1153 alterius
1392 1119 1487 1153 etiam
1512 1119 1613 1161 vocis,
1648 1118 1697 1152 cui
1723 1117 1820 1152 resti-

180 1181 186 1188 ·
242 1165 377 1201 tuendae
403 1166 542 1202 trochaei
568 1167 711 1213 spatium
736 1167 944 1213 relinquitur,
969 1167 1107 1214 vestigia
1133 1167 1285 1212 quaedam
1301 1167 1505 1212 supersunt
1496 1179 1531 1201 ιιι
1552 1167 1654 1201 tribus
1672 1166 1820 1200 extremis

242 1215 360 1249 litteris
387 1216 475 1250 vocis
502 1216 648 1252 laedit.
699 1216 909 1262 Suspicamur
934 1216 1020 1251 enim
1044 1217 1130 1252 nihil
1156 1216 1243 1250 aliud
1277 1228 1294 1250 a
1319 1215 1489 1261 Propertio
1521 1215 1677 1262 scriptum
1705 1214 1821 1257 fuisse,

243 1274 336 1307 quam
362 1264 457 1299 ivit.
508 1263 667 1299 Litteram
695 1275 714 1299 u
740 1264 890 1299 librarius
917 1265 1095 1299 mutilatam
1120 1264 1248 1310 putavit
1274 1276 1311 1298 ex
1338 1267 1370 1307 d,
1406 1265 1440 1298 id
1473 1264 1559 1308 quod
1593 1275 1665 1298 eum
1691 1263 1821 1309 impulit

241 1311 280 1345 ad
306 1312 565 1347 constituendam
598 1312 735 1347 formam
768 1312 917 1348 laedit.
975 1313 1084 1359 (Alias
1119 1313 1206 1348 enim
1231 1324 1308 1347 sane
1343 1312 1535 1347 concinnius
1570 1314 1600 1346 et
1634 1323 1704 1346 eum
1734 1311 1821 1346 fuit

241 1360 706 1407 concordantius'scripsisset
739 1361 905 1408 laesit).
965 1361 1165 1397 Probabilior
1203 1362 1297 1396 etiam
1335 1361 1374 1396 fit
1412 1363 1590 1396 coniectura
1629 1363 1753 1403 nostra,
1792 1360 1820 1394 si

244 1420 351 1443 vocem
377 1409 513 1444 malus
539 1421 597 1455 per
622 1409 846 1456 compendium
872 1410 1023 1456 scriptam
1048 1410 1151 1445 fuisse
1177 1411 1319 1444 conicere
1345 1410 1436 1444 licet:
1462 1409 1676 1449 malgivit.

364 1483 495 1526 Restat,
521 1486 558 1518 ut
583 1484 619 1518 in
644 1494 720 1518 voce
746 1486 900 1518 nostra
925 1483 1061 1518 codicem
1086 1482 1126 1519 N.
1162 1483 1351 1518 deteriorem
1385 1483 1590 1529 scripturam,
1625 1493 1720 1526 quam
1746 1481 1822 1516 reli-

243 1543 336 1576 quos,
364 1531 420 1576 qui
437 1531 554 1566 haben-t
579 1541 782 1575 nostraS,
805 1532 953 1577 praebere
971 1532 1124 1575 dicamus,
1151 1533 1299 1576 quamvis
1321 1543 1385 1566 vox
1411 1534 1567 1566 nostra
1591 1531 1729 1565 ablativo
1748 1543 1821 1565 casu

243 1593 313 1615 cum
347 1583 385 1615 te
416 1580 586 1615 coniuncta
620 1591 821 1625 nequaquam
856 1580 945 1615 omni
979 1591 1076 1615 sensu
1113 1583 1226 1617 careat.
1277 1580 1340 1615 Sed
1374 1580 1432 1615 hac
1465 1580 1596 1626 probata
1627 1579 1824 1614 desideratur

243 1630 351 1675 ipsum
377 1629 458 1663 illud
484 1633 683 1672 nostras,
710 1641 785 1673 quo,
812 1630 903 1664 euius
928 1630 967 1664 ad
993 1641 1085 1665 aures
1111 1630 1209 1665 iverit
1227 1642 1338 1665 rumor
1355 1630 1473 1673 malus,
1499 1629 1668 1665 indicatur.
1704 1628 1824 1664 Totum

242 1677 343 1724 igitur
368 1677 529 1712 distichon
555 1681 680 1724 recepta
705 1678 887 1712 coniectura
912 1681 1023 1713 nostra
1049 1677 1096 1712 sic
1122 1689 1157 1713 se
1183 1678 1324 1713 habebit:

533 1743 645 1789 Nuper
670 1744 757 1778 enim
783 1744 821 1778 de
846 1746 877 1777 te
902 1746 1080 1778 nostras
1106 1743 1245 1779 malus
1270 1744 1355 1779 ivit
1380 1744 1420 1779 ad
1445 1755 1536 1779 aures

580 1792 708 1825 Rumor
733 1794 765 1825 et
789 1792 825 1825 in
851 1795 919 1825 tota
945 1803 1011 1825 non
1035 1791 1141 1826 bonus
1168 1793 1246 1827 urbe
1270 1792 1344 1828 fuit.

245 1857 390 1901 (Rumor
415 1857 547 1892 malus
574 1855 906 1902 Prop.I,13,133
943 1869 1052 1893 rumor
1084 1858 1117 1892 it
1153 1857 1212 1895 0v.
1237 1862 1311 1896 met.
1339 1858 1400 1903 VI,
1429 1858 1518 1904 1473
1552 1858 1634 1894 fama
1668 1858 1702 1893 it
1728 1859 1823 1905 Verg.

243 1906 326 1941 Aen.
361 1905 423 1948 IV,
460 1905 547 1949 173,
585 1906 621 1939 it
640 1868 814 1951 pstrepitus
844 1907 921 1941 ibid.
956 1907 987 1950 Ι,
1023 1906 1114 1951 7253
1148 1908 1184 1941 it
1219 1908 1337 1943 clamor
1370 1908 1579 1943 multifariam
1604 1920 1655 1953 ap.
1683 1909 1824 1953 Vergil.:

244 1952 339 1990 Ovid.
366 1957 440 1991 met.
467 1953 549 1995 XII,
577 1953 665 1989 426:
701 1954 879 1998 „dictis,
915 1966 1018 2000 quae
1050 1955 1170 1990 clamor
1195 1956 1243 1990 ad
1276 1967 1403 1991 aures
1430 1956 1544 1991 Arcuit
1569 1958 1630 1992 ire
1656 1961 1792 1993 meas.⁶
1794 1958 1823 2002 ⁶)

368 2140 394 2171 ¹⁸²)
412 2140 532 2170 Pictoris,
550 2141 637 2173 qualis
655 2142 763 2175 fingitur
780 2141 854 2166 initio
872 2142 938 2167 artis
956 2143 1023 2174 poet.
1040 2141 1211 2173 Romanae,
1229 2143 1374 2175 exemplum
1392 2147 1496 2168 secutus
1514 2143 1617 2169 videtur
1634 2143 1751 2172 Iacobus.
1768 2151 1827 2169 cum

243 2197 330 2230 eapite
355 2204 372 2223 a
394 2196 576 2230 Neapolitano,
598 2197 665 2230 pede
690 2205 707 2223 a
724 2197 893 2230 Groningano
917 2198 998 2230 petito
1020 2202 1161 2231 proponat:
1184 2202 1299 2229 nostras,
1321 2199 1418 2229 mala,
1442 2200 1535 2226 venit.
1563 2183 1783 2250 (meplgaeffiissit
1812 2227 1826 2238 ⁶

243 2254 325 2280 Keilii
345 2255 494 2281 coniectura
511 2255 688 2281 insederat
704 2256 769 2281 nihil
787 2256 868 2282 habet
884 2256 1086 2288 probabilitatis.
