<?xml version="1.0" encoding="UTF-8"?>
<!DOCTYPE html PUBLIC "-//W3C//DTD XHTML 1.0 Transitional//EN"
    "http://www.w3.org/TR/xhtml1/DTD/xhtml1-transitional.dtd">
<html xmlns="http://www.w3.org/1999/xhtml" xml:lang="en" lang="en">
 <head>
  <title>
</title>
<meta http-equiv="Content-Type" content="text/html;charset=utf-8" />
  <meta name='ocr-system' content='tesseract 3.04.00' />
  <meta name='ocr-capabilities' content='ocr_page ocr_carea ocr_par ocr_line ocrx_word'/>
</head>
<body>
  <div class='ocr_page' id='page_1' title='image "4765521_0012.png"; bbox 0 0 2118 2698; ppageno 0'>
   <div class='ocr_carea' id='block_1_1' title="bbox 379 210 1714 401">
    <p class='ocr_par' dir='ltr' id='par_1_1' title="bbox 379 210 1714 401">
     <span class='ocr_line' id='line_1_1' title="bbox 1039 210 1057 240; baseline 0 0"><span class='ocrx_word' id='word_1_1' title='bbox 1039 210 1057 240; x_wconf 88' lang='grc'><strong>6</strong></span> 
     </span>
     <span class='ocr_line' id='line_1_2' title="bbox 379 305 1714 353; baseline 0.001 -13"><span class='ocrx_word' id='word_1_2' title='bbox 379 305 439 349; x_wconf 83' lang='lat' dir='ltr'>lv,</span> <span class='ocrx_word' id='word_1_3' title='bbox 470 305 527 348; x_wconf 86' lang='lat'>18,</span> <span class='ocrx_word' id='word_1_4' title='bbox 558 307 612 342; x_wconf 89' lang='lat'>11.</span> <span class='ocrx_word' id='word_1_5' title='bbox 653 305 738 350; x_wconf 80' lang='lat' dir='ltr'>Quid</span> <span class='ocrx_word' id='word_1_6' title='bbox 767 305 921 352; x_wconf 87' lang='lat' dir='ltr'>¹genus</span> <span class='ocrx_word' id='word_1_7' title='bbox 948 310 1003 342; x_wconf 90' lang='lat' dir='ltr'>aut</span> <span class='ocrx_word' id='word_1_8' title='bbox 1029 307 1197 342; x_wconf 83' lang='lat' dir='ltr'>2virtus</span> <span class='ocrx_word' id='word_1_9' title='bbox 1224 309 1279 346; x_wconf 83' lang='lat' dir='ltr'>aut</span> <span class='ocrx_word' id='word_1_10' title='bbox 1305 306 1490 352; x_wconf 81' lang='lat' dir='ltr'>³optim·a</span> <span class='ocrx_word' id='word_1_11' title='bbox 1516 305 1640 353; x_wconf 78' lang='lat' dir='ltr'><strong>profuit</strong></span> <span class='ocrx_word' id='word_1_12' title='bbox 1665 307 1714 342; x_wconf 91' lang='lat' dir='ltr'>illi</span> 
     </span>
     <span class='ocr_line' id='line_1_3' title="bbox 690 355 1678 401; baseline 0.002 -12"><span class='ocrx_word' id='word_1_13' title='bbox 690 355 828 389; x_wconf 75' lang='lat' dir='ltr'>Mater</span> <span class='ocrx_word' id='word_1_14' title='bbox 853 359 885 389; x_wconf 85' lang='lat' dir='ltr'>et</span> <span class='ocrx_word' id='word_1_15' title='bbox 910 355 1171 401; x_wconf 80' lang='lat' dir='ltr'>4a1nptexum</span> <span class='ocrx_word' id='word_1_16' title='bbox 1198 355 1401 390; x_wconf 77' lang='lat' dir='ltr'>Caesaris</span> <span class='ocrx_word' id='word_1_17' title='bbox 1427 367 1522 390; x_wconf 83' lang='lat' dir='ltr'>esse</span> <span class='ocrx_word' id='word_1_18' title='bbox 1546 356 1678 392; x_wconf 81' lang='lat' dir='ltr'>t&#39;oeos.</span> 
     </span>
    </p>
   </div>
   <div class='ocr_carea' id='block_1_2' title="bbox 250 405 1836 506">
    <p class='ocr_par' dir='ltr' id='par_1_2' title="bbox 250 405 1836 506">
     <span class='ocr_line' id='line_1_4' title="bbox 374 405 1836 457; baseline 0.002 -12"><span class='ocrx_word' id='word_1_19' title='bbox 374 411 534 455; x_wconf 76' lang='lat' dir='ltr'><strong>Quattuor</strong></span> <span class='ocrx_word' id='word_1_20' title='bbox 559 412 710 453; x_wconf 78' lang='lat' dir='ltr'>subiecta,</span> <span class='ocrx_word' id='word_1_21' title='bbox 738 423 874 456; x_wconf 88' lang='lat' dir='ltr'>quorum</span> <span class='ocrx_word' id='word_1_22' title='bbox 900 405 969 445; x_wconf 83' lang='lat' dir='ltr'>tria⁰</span> <span class='ocrx_word' id='word_1_23' title='bbox 991 413 1098 457; x_wconf 85' lang='lat' dir='ltr'>priora</span> <span class='ocrx_word' id='word_1_24' title='bbox 1120 412 1322 446; x_wconf 81' lang='lat' dir='ltr'>substantiva</span> <span class='ocrx_word' id='word_1_25' title='bbox 1343 415 1432 454; x_wconf 84' lang='lat' dir='ltr'>sunt,</span> <span class='ocrx_word' id='word_1_26' title='bbox 1460 413 1575 456; x_wconf 86' lang='lat' dir='ltr'>quibus</span> <span class='ocrx_word' id='word_1_27' title='bbox 1602 416 1742 448; x_wconf 82' lang='lat' dir='ltr'>extremo</span> <span class='ocrx_word' id='word_1_28' title='bbox 1768 414 1836 448; x_wconf 82' lang='lat' dir='ltr'>loeo</span> 
     </span>
     <span class='ocr_line' id='line_1_5' title="bbox 250 459 649 506; baseline 0 -12"><span class='ocrx_word' id='word_1_29' title='bbox 250 459 439 494; x_wconf 82' lang='lat' dir='ltr'>infinitivus</span> <span class='ocrx_word' id='word_1_30' title='bbox 465 459 649 506; x_wconf 77' lang='lat' dir='ltr'><strong>respondet.</strong></span> 
     </span>
    </p>
   </div>
   <div class='ocr_carea' id='block_1_3' title="bbox 372 515 1535 611">
    <p class='ocr_par' dir='ltr' id='par_1_3' title="bbox 372 515 1535 611">
     <span class='ocr_line' id='line_1_6' title="bbox 372 515 1535 559; baseline 0.001 -10"><span class='ocrx_word' id='word_1_31' title='bbox 372 517 433 555; x_wconf 83' lang='lat' dir='ltr'>lv,</span> <span class='ocrx_word' id='word_1_32' title='bbox 462 517 496 557; x_wconf 81' lang='lat'>4,</span> <span class='ocrx_word' id='word_1_33' title='bbox 525 518 556 552; x_wconf 89' lang='lat'>1.</span> <span class='ocrx_word' id='word_1_34' title='bbox 584 515 617 552; x_wconf 95' lang='grc'>2.</span> <span class='ocrx_word' id='word_1_35' title='bbox 660 517 780 551; x_wconf 83' lang='lat' dir='ltr'>Arma</span> <span class='ocrx_word' id='word_1_36' title='bbox 808 518 884 551; x_wconf 89' lang='lat' dir='ltr'>deus</span> <span class='ocrx_word' id='word_1_37' title='bbox 913 518 1029 551; x_wconf 84' lang='lat' dir='ltr'>Caesar</span> <span class='ocrx_word' id='word_1_38' title='bbox 1053 519 1135 551; x_wconf 86' lang='lat' dir='ltr'>dites</span> <span class='ocrx_word' id='word_1_39' title='bbox 1162 519 1333 551; x_wconf 71' lang='lat' dir='ltr'>meditatur</span> <span class='ocrx_word' id='word_1_40' title='bbox 1358 519 1396 551; x_wconf 86' lang='lat' dir='ltr'>ad</span> <span class='ocrx_word' id='word_1_41' title='bbox 1423 518 1535 559; x_wconf 88' lang='lat' dir='ltr'>Indos,</span> 
     </span>
     <span class='ocr_line' id='line_1_7' title="bbox 692 565 1508 611; baseline 0.001 -11"><span class='ocrx_word' id='word_1_42' title='bbox 692 565 735 600; x_wconf 88' lang='lat' dir='ltr'>Et</span> <span class='ocrx_word' id='word_1_43' title='bbox 761 565 843 600; x_wconf 85' lang='lat' dir='ltr'>freta</span> <span class='ocrx_word' id='word_1_44' title='bbox 869 565 1047 611; x_wconf 83' lang='lat' dir='ltr'><strong>gemmiferi</strong></span> <span class='ocrx_word' id='word_1_45' title='bbox 1074 565 1246 600; x_wconf 79' lang='lat' dir='ltr'>findere</span> <span class='ocrx_word' id='word_1_46' title='bbox 1273 566 1373 600; x_wconf 81' lang='lat' dir='ltr'>classe</span> <span class='ocrx_word' id='word_1_47' title='bbox 1400 566 1508 602; x_wconf 84' lang='lat' dir='ltr'>maris.</span> 
     </span>
    </p>
   </div>
   <div class='ocr_carea' id='block_1_4' title="bbox 308 622 1549 718">
    <p class='ocr_par' dir='ltr' id='par_1_4' title="bbox 308 622 1549 718">
     <span class='ocr_line' id='line_1_8' title="bbox 308 622 1549 669; baseline 0.002 -14"><span class='ocrx_word' id='word_1_48' title='bbox 308 622 368 663; x_wconf 85' lang='lat' dir='ltr'>lv,</span> <span class='ocrx_word' id='word_1_49' title='bbox 397 622 431 663; x_wconf 85' lang='lat'>9,</span> <span class='ocrx_word' id='word_1_50' title='bbox 460 623 615 658; x_wconf 83' lang='lat'>37—40.</span> <span class='ocrx_word' id='word_1_51' title='bbox 656 623 729 657; x_wconf 88' lang='lat' dir='ltr'>Non</span> <span class='ocrx_word' id='word_1_52' title='bbox 756 623 837 656; x_wconf 88' lang='lat' dir='ltr'><strong>flebo</strong></span> <span class='ocrx_word' id='word_1_53' title='bbox 865 624 898 656; x_wconf 89' lang='lat' dir='ltr'>in</span> <span class='ocrx_word' id='word_1_54' title='bbox 926 623 1048 656; x_wconf 83' lang='lat' dir='ltr'>cineres</span> <span class='ocrx_word' id='word_1_55' title='bbox 1075 635 1176 657; x_wconf 88' lang='lat' dir='ltr'>arcem</span> <span class='ocrx_word' id='word_1_56' title='bbox 1202 624 1371 657; x_wconf 81' lang='lat' dir='ltr'>sedisse</span> <span class='ocrx_word' id='word_1_57' title='bbox 1397 627 1549 669; x_wconf 88' lang='lat' dir='ltr'>paternos</span> 
     </span>
     <span class='ocr_line' id='line_1_9' title="bbox 692 671 1451 718; baseline -0.001 -12"><span class='ocrx_word' id='word_1_58' title='bbox 692 671 801 706; x_wconf 80' lang='lat' dir='ltr'>Cadmi</span> <span class='ocrx_word' id='word_1_59' title='bbox 828 683 884 705; x_wconf 84' lang='lat' dir='ltr'>nec</span> <span class='ocrx_word' id='word_1_60' title='bbox 911 682 1036 717; x_wconf 89' lang='lat' dir='ltr'>semper</span> <span class='ocrx_word' id='word_1_61' title='bbox 1061 671 1231 717; x_wconf 90' lang='lat' dir='ltr'>proelia</span> <span class='ocrx_word' id='word_1_62' title='bbox 1258 671 1343 705; x_wconf 85' lang='lat' dir='ltr'>clade</span> <span class='ocrx_word' id='word_1_63' title='bbox 1369 672 1451 718; x_wconf 86' lang='lat' dir='ltr'>pari,</span> 
     </span>
    </p>
   </div>
   <div class='ocr_carea' id='block_1_5' title="bbox 654 728 1764 813">
    <p class='ocr_par' dir='ltr' id='par_1_5' title="bbox 654 728 1764 813">
     <span class='ocr_line' id='line_1_10' title="bbox 654 728 1764 775; baseline 0.001 -12"><span class='ocrx_word' id='word_1_64' title='bbox 654 729 717 763; x_wconf 84' lang='lat' dir='ltr'>Nec</span> <span class='ocrx_word' id='word_1_65' title='bbox 751 728 885 762; x_wconf 84' lang='lat' dir='ltr'>referam</span> <span class='ocrx_word' id='word_1_66' title='bbox 911 728 1064 762; x_wconf 82' lang='lat' dir='ltr'>Scaeas</span> <span class='ocrx_word' id='word_1_67' title='bbox 1097 732 1132 763; x_wconf 91' lang='lat' dir='ltr'>et</span> <span class='ocrx_word' id='word_1_68' title='bbox 1159 728 1354 774; x_wconf 86' lang='lat' dir='ltr'>Pergama</span> <span class='ocrx_word' id='word_1_69' title='bbox 1386 729 1613 775; x_wconf 87' lang='lat' dir='ltr'><strong>Apollinis</strong></span> <span class='ocrx_word' id='word_1_70' title='bbox 1647 741 1764 764; x_wconf 84' lang='lat' dir='ltr'>arces</span> 
     </span>
     <span class='ocr_line' id='line_1_11' title="bbox 688 777 1504 813; baseline 0.002 -3"><span class='ocrx_word' id='word_1_71' title='bbox 688 777 732 810; x_wconf 84' lang='lat' dir='ltr'>Et</span> <span class='ocrx_word' id='word_1_72' title='bbox 758 777 905 810; x_wconf 87' lang='lat' dir='ltr'>Danaum</span> <span class='ocrx_word' id='word_1_73' title='bbox 932 777 1051 810; x_wconf 87' lang='lat' dir='ltr'>decimo</span> <span class='ocrx_word' id='word_1_74' title='bbox 1079 788 1151 811; x_wconf 84' lang='lat' dir='ltr'>vere</span> <span class='ocrx_word' id='word_1_75' title='bbox 1178 777 1350 810; x_wconf 84' lang='lat' dir='ltr'>redisse</span> <span class='ocrx_word' id='word_1_76' title='bbox 1375 781 1504 813; x_wconf 84' lang='lat' dir='ltr'>rates.</span> 
     </span>
    </p>
   </div>
   <div class='ocr_carea' id='block_1_6' title="bbox 248 833 1839 1323">
    <p class='ocr_par' dir='ltr' id='par_1_6' title="bbox 249 833 1838 1022">
     <span class='ocr_line' id='line_1_12' title="bbox 374 833 1838 879; baseline 0.002 -12"><span class='ocrx_word' id='word_1_77' title='bbox 374 834 461 867; x_wconf 86' lang='lat' dir='ltr'>Haec</span> <span class='ocrx_word' id='word_1_78' title='bbox 488 833 549 867; x_wconf 89' lang='lat' dir='ltr'>duo</span> <span class='ocrx_word' id='word_1_79' title='bbox 577 834 718 879; x_wconf 85' lang='lat' dir='ltr'>exempla</span> <span class='ocrx_word' id='word_1_80' title='bbox 745 846 762 868; x_wconf 92' lang='lat' dir='ltr'>a</span> <span class='ocrx_word' id='word_1_81' title='bbox 788 835 893 879; x_wconf 91' lang='lat' dir='ltr'>primo</span> <span class='ocrx_word' id='word_1_82' title='bbox 920 835 967 868; x_wconf 85' lang='lat' dir='ltr'>ita</span> <span class='ocrx_word' id='word_1_83' title='bbox 993 834 1158 876; x_wconf 81' lang='lat' dir='ltr'>differunt,</span> <span class='ocrx_word' id='word_1_84' title='bbox 1185 837 1220 868; x_wconf 93' lang='lat' dir='ltr'>ut</span> <span class='ocrx_word' id='word_1_85' title='bbox 1247 834 1312 868; x_wconf 83' lang='lat' dir='ltr'>illie</span> <span class='ocrx_word' id='word_1_86' title='bbox 1339 834 1477 868; x_wconf 83' lang='lat' dir='ltr'>subiecta</span> <span class='ocrx_word' id='word_1_87' title='bbox 1510 834 1560 869; x_wconf 88' lang='lat' dir='ltr'>hic</span> <span class='ocrx_word' id='word_1_88' title='bbox 1595 835 1838 870; x_wconf 85' lang='lat' dir='ltr'>obiecta-mixta</span> 
     </span>
     <span class='ocr_line' id='line_1_13' title="bbox 250 882 1837 926; baseline 0.002 -11"><span class='ocrx_word' id='word_1_89' title='bbox 250 882 377 915; x_wconf 80' lang='lat' dir='ltr'>habeas.</span> <span class='ocrx_word' id='word_1_90' title='bbox 417 882 482 915; x_wconf 88' lang='lat' dir='ltr'>Sed</span> <span class='ocrx_word' id='word_1_91' title='bbox 508 883 588 916; x_wconf 88' lang='lat' dir='ltr'>satis</span> <span class='ocrx_word' id='word_1_92' title='bbox 616 886 666 916; x_wconf 89' lang='lat' dir='ltr'>est</span> <span class='ocrx_word' id='word_1_93' title='bbox 693 883 768 916; x_wconf 86' lang='lat' dir='ltr'>haec</span> <span class='ocrx_word' id='word_1_94' title='bbox 793 883 962 924; x_wconf 68' lang='lat' dir='ltr'>attulisse,</span> <span class='ocrx_word' id='word_1_95' title='bbox 990 883 1018 915; x_wconf 89' lang='lat' dir='ltr'>si</span> <span class='ocrx_word' id='word_1_96' title='bbox 1033 883 1124 926; x_wconf 84' lang='lat' dir='ltr'>plura</span> <span class='ocrx_word' id='word_1_97' title='bbox 1146 883 1319 922; x_wconf 79' lang='lat' dir='ltr'>desideras,</span> <span class='ocrx_word' id='word_1_98' title='bbox 1346 882 1399 923; x_wconf 62' lang='lat' dir='ltr'>cf„</span> <span class='ocrx_word' id='word_1_99' title='bbox 1426 894 1556 924; x_wconf 78' lang='lat' dir='ltr'>quaeso,</span> <span class='ocrx_word' id='word_1_100' title='bbox 1577 882 1626 924; x_wconf 87' lang='grc' dir='ltr'>ΙΙ,</span> <span class='ocrx_word' id='word_1_101' title='bbox 1648 885 1681 924; x_wconf 90' lang='grc'>1,</span> <span class='ocrx_word' id='word_1_102' title='bbox 1703 883 1747 917; x_wconf 85' lang='grc'>19</span> <span class='ocrx_word' id='word_1_103' title='bbox 1767 895 1837 926; x_wconf 85' lang='lat' dir='ltr'>sqq.</span> 
     </span>
     <span class='ocr_line' id='line_1_14' title="bbox 249 929 1836 973; baseline 0.003 -10"><span class='ocrx_word' id='word_1_104' title='bbox 249 929 318 971; x_wconf 90' lang='grc' dir='ltr'>ΙΙΙ,</span> <span class='ocrx_word' id='word_1_105' title='bbox 347 929 405 970; x_wconf 83' lang='grc'>19,</span> <span class='ocrx_word' id='word_1_106' title='bbox 443 931 484 963; x_wconf 94' lang='grc'>11</span> <span class='ocrx_word' id='word_1_107' title='bbox 514 942 562 973; x_wconf 86' lang='lat' dir='ltr'>sq.</span> <span class='ocrx_word' id='word_1_108' title='bbox 591 930 650 970; x_wconf 87' lang='grc'>28,</span> <span class='ocrx_word' id='word_1_109' title='bbox 670 930 716 969; x_wconf 84' lang='grc'>,5.</span> <span class='ocrx_word' id='word_1_110' title='bbox 745 929 778 966; x_wconf 87' lang='grc'>6.</span> <span class='ocrx_word' id='word_1_111' title='bbox 807 929 863 966; x_wconf 86' lang='grc'>29.</span> <span class='ocrx_word' id='word_1_112' title='bbox 893 930 950 966; x_wconf 89' lang='lat'>35.</span> <span class='ocrx_word' id='word_1_113' title='bbox 981 930 1036 965; x_wconf 79' lang='lat'>36.</span> <span class='ocrx_word' id='word_1_114' title='bbox 1073 930 1133 972; x_wconf 81' lang='lat' dir='ltr'>lv,</span> <span class='ocrx_word' id='word_1_115' title='bbox 1172 931 1203 970; x_wconf 84' lang='lat'>1,</span> <span class='ocrx_word' id='word_1_116' title='bbox 1237 930 1392 965; x_wconf 79' lang='lat'>25-28,</span> <span class='ocrx_word' id='word_1_117' title='bbox 1430 930 1463 971; x_wconf 80' lang='lat'>4,</span> <span class='ocrx_word' id='word_1_118' title='bbox 1500 930 1650 966; x_wconf 85' lang='lat'>13-18.</span> <span class='ocrx_word' id='word_1_119' title='bbox 1687 932 1744 972; x_wconf 90' lang='lat'>11,</span> <span class='ocrx_word' id='word_1_120' title='bbox 1780 931 1836 967; x_wconf 85' lang='lat'>53.</span> 
     </span>
     <span class='ocr_line' id='line_1_15' title="bbox 251 977 1316 1022; baseline 0.002 -10"><span class='ocrx_word' id='word_1_121' title='bbox 251 978 309 1019; x_wconf 90' lang='grc'>12,</span> <span class='ocrx_word' id='word_1_122' title='bbox 337 977 492 1014; x_wconf 86' lang='grc'>25-36.</span> <span class='ocrx_word' id='word_1_123' title='bbox 525 978 580 1020; x_wconf 89' lang='grc'>17,</span> <span class='ocrx_word' id='word_1_124' title='bbox 608 979 764 1015; x_wconf 83' lang='grc'>21-27.</span> <span class='ocrx_word' id='word_1_125' title='bbox 795 979 835 1019; x_wconf 83' lang='lat' dir='ltr'>V,</span> <span class='ocrx_word' id='word_1_126' title='bbox 863 980 897 1021; x_wconf 82' lang='lat'>2,</span> <span class='ocrx_word' id='word_1_127' title='bbox 926 979 973 1013; x_wconf 83' lang='lat'>53</span> <span class='ocrx_word' id='word_1_128' title='bbox 1000 991 1068 1022; x_wconf 87' lang='lat' dir='ltr'>sqq.</span> <span class='ocrx_word' id='word_1_129' title='bbox 1098 979 1132 1019; x_wconf 86' lang='grc'>9,</span> <span class='ocrx_word' id='word_1_130' title='bbox 1162 978 1316 1014; x_wconf 79' lang='lat'>39-41.</span> 
     </span>
    </p>

    <p class='ocr_par' dir='ltr' id='par_1_7' title="bbox 248 1034 1839 1323">
     <span class='ocr_line' id='line_1_16' title="bbox 371 1034 1836 1081; baseline 0.002 -13"><span class='ocrx_word' id='word_1_131' title='bbox 371 1034 460 1069; x_wconf 86' lang='lat' dir='ltr'>Fieri</span> <span class='ocrx_word' id='word_1_132' title='bbox 496 1039 615 1080; x_wconf 86' lang='lat' dir='ltr'>potest,</span> <span class='ocrx_word' id='word_1_133' title='bbox 652 1039 688 1069; x_wconf 91' lang='lat' dir='ltr'>ut</span> <span class='ocrx_word' id='word_1_134' title='bbox 721 1036 838 1080; x_wconf 86' lang='lat' dir='ltr'>aliquis</span> <span class='ocrx_word' id='word_1_135' title='bbox 875 1036 1021 1077; x_wconf 87' lang='lat' dir='ltr'>miretur,</span> <span class='ocrx_word' id='word_1_136' title='bbox 1057 1036 1140 1079; x_wconf 91' lang='lat' dir='ltr'>quod</span> <span class='ocrx_word' id='word_1_137' title='bbox 1173 1036 1285 1069; x_wconf 87' lang='lat' dir='ltr'>vocula</span> <span class='ocrx_word' id='word_1_138' title='bbox 1320 1039 1358 1069; x_wconf 88' lang='lat' dir='ltr'>et</span> <span class='ocrx_word' id='word_1_139' title='bbox 1393 1036 1520 1069; x_wconf 89' lang='lat' dir='ltr'>insueto</span> <span class='ocrx_word' id='word_1_140' title='bbox 1555 1035 1622 1069; x_wconf 91' lang='lat' dir='ltr'>loco</span> <span class='ocrx_word' id='word_1_141' title='bbox 1650 1036 1757 1081; x_wconf 86' lang='lat' dir='ltr'>posita</span> <span class='ocrx_word' id='word_1_142' title='bbox 1782 1036 1836 1072; x_wconf 86' lang='lat' dir='ltr'>sit.</span> 
     </span>
     <span class='ocr_line' id='line_1_17' title="bbox 249 1084 1838 1128; baseline 0.001 -10"><span class='ocrx_word' id='word_1_143' title='bbox 249 1085 312 1119; x_wconf 87' lang='lat' dir='ltr'>Sed</span> <span class='ocrx_word' id='word_1_144' title='bbox 340 1085 369 1118; x_wconf 91' lang='lat' dir='ltr'>si</span> <span class='ocrx_word' id='word_1_145' title='bbox 397 1084 502 1118; x_wconf 84' lang='lat' dir='ltr'>aerius</span> <span class='ocrx_word' id='word_1_146' title='bbox 529 1084 778 1127; x_wconf 82' lang='lat' dir='ltr'>intenderimus,</span> <span class='ocrx_word' id='word_1_147' title='bbox 814 1096 880 1119; x_wconf 91' lang='lat' dir='ltr'>non</span> <span class='ocrx_word' id='word_1_148' title='bbox 908 1087 974 1118; x_wconf 87' lang='lat' dir='ltr'>tam</span> <span class='ocrx_word' id='word_1_149' title='bbox 1001 1084 1092 1125; x_wconf 82' lang='lat' dir='ltr'>hanc,</span> <span class='ocrx_word' id='word_1_150' title='bbox 1130 1096 1224 1128; x_wconf 88' lang='lat' dir='ltr'>quam</span> <span class='ocrx_word' id='word_1_151' title='bbox 1249 1095 1416 1118; x_wconf 87' lang='lat' dir='ltr'>commune</span> <span class='ocrx_word' id='word_1_152' title='bbox 1448 1084 1575 1128; x_wconf 89' lang='lat' dir='ltr'>utrique</span> <span class='ocrx_word' id='word_1_153' title='bbox 1601 1084 1838 1119; x_wconf 77' lang='lat' dir='ltr'>enuntiationis</span> 
     </span>
     <span class='ocr_line' id='line_1_18' title="bbox 248 1133 1839 1178; baseline 0 -11"><span class='ocrx_word' id='word_1_154' title='bbox 248 1134 334 1178; x_wconf 84' lang='lat' dir='ltr'>parti</span> <span class='ocrx_word' id='word_1_155' title='bbox 368 1133 585 1178; x_wconf 86' lang='lat' dir='ltr'>praedicatum</span> <span class='ocrx_word' id='word_1_156' title='bbox 618 1133 721 1167; x_wconf 74' lang='lat' dir='ltr'>locum</span> <span class='ocrx_word' id='word_1_157' title='bbox 755 1137 898 1168; x_wconf 88' lang='lat' dir='ltr'>mutasse</span> <span class='ocrx_word' id='word_1_158' title='bbox 934 1134 1122 1168; x_wconf 87' lang='lat' dir='ltr'>videbimus.</span> <span class='ocrx_word' id='word_1_159' title='bbox 1176 1133 1322 1167; x_wconf 87' lang='lat' dir='ltr'>Ceterum</span> <span class='ocrx_word' id='word_1_160' title='bbox 1358 1145 1398 1166; x_wconf 90' lang='lat' dir='ltr'>ne</span> <span class='ocrx_word' id='word_1_161' title='bbox 1428 1133 1478 1167; x_wconf 90' lang='lat' dir='ltr'>hic</span> <span class='ocrx_word' id='word_1_162' title='bbox 1514 1133 1641 1176; x_wconf 88' lang='lat' dir='ltr'>quidem</span> <span class='ocrx_word' id='word_1_163' title='bbox 1668 1134 1839 1167; x_wconf 85' lang='lat' dir='ltr'>verborum</span> 
     </span>
     <span class='ocr_line' id='line_1_19' title="bbox 250 1181 1838 1226; baseline 0 -11"><span class='ocrx_word' id='word_1_164' title='bbox 250 1182 328 1215; x_wconf 90' lang='lat' dir='ltr'>ordo</span> <span class='ocrx_word' id='word_1_165' title='bbox 356 1182 476 1226; x_wconf 88' lang='lat' dir='ltr'>poetis,</span> <span class='ocrx_word' id='word_1_166' title='bbox 503 1183 538 1215; x_wconf 89' lang='lat' dir='ltr'>in</span> <span class='ocrx_word' id='word_1_167' title='bbox 565 1182 742 1226; x_wconf 87' lang='lat' dir='ltr'>primisque</span> <span class='ocrx_word' id='word_1_168' title='bbox 768 1182 953 1226; x_wconf 80' lang='lat' dir='ltr'>Propertio,</span> <span class='ocrx_word' id='word_1_169' title='bbox 992 1182 1157 1219; x_wconf 79' lang='lat' dir='ltr'>insolitus,</span> <span class='ocrx_word' id='word_1_170' title='bbox 1191 1182 1222 1215; x_wconf 91' lang='lat' dir='ltr'>id</span> <span class='ocrx_word' id='word_1_171' title='bbox 1259 1182 1343 1225; x_wconf 92' lang='lat' dir='ltr'>quod</span> <span class='ocrx_word' id='word_1_172' title='bbox 1377 1182 1502 1215; x_wconf 85' lang='lat' dir='ltr'>collatis</span> <span class='ocrx_word' id='word_1_173' title='bbox 1534 1181 1586 1217; x_wconf 80' lang='lat' dir='ltr'>his</span> <span class='ocrx_word' id='word_1_174' title='bbox 1620 1181 1698 1215; x_wconf 83' lang='lat' dir='ltr'>locis</span> <span class='ocrx_word' id='word_1_175' title='bbox 1725 1185 1838 1216; x_wconf 90' lang='lat' dir='ltr'>nostro</span> 
     </span>
     <span class='ocr_line' id='line_1_20' title="bbox 248 1230 1837 1274; baseline 0.001 -11"><span class='ocrx_word' id='word_1_176' title='bbox 248 1241 315 1263; x_wconf 89' lang='lat' dir='ltr'>non</span> <span class='ocrx_word' id='word_1_177' title='bbox 352 1230 567 1264; x_wconf 87' lang='lat' dir='ltr'>dissimilibus</span> <span class='ocrx_word' id='word_1_178' title='bbox 601 1231 659 1263; x_wconf 91' lang='lat' dir='ltr'>tibi</span> <span class='ocrx_word' id='word_1_179' title='bbox 694 1231 898 1274; x_wconf 86' lang='lat' dir='ltr'>persuadebis</span> <span class='ocrx_word' id='word_1_180' title='bbox 935 1230 1001 1269; x_wconf 86' lang='grc' dir='ltr'>ΙΙΙ,</span> <span class='ocrx_word' id='word_1_181' title='bbox 1041 1231 1097 1270; x_wconf 89' lang='grc'>12,</span> <span class='ocrx_word' id='word_1_182' title='bbox 1136 1231 1181 1264; x_wconf 88' lang='grc'>23</span> <span class='ocrx_word' id='word_1_183' title='bbox 1217 1242 1264 1273; x_wconf 88' lang='lat' dir='ltr'>sq.</span> <span class='ocrx_word' id='word_1_184' title='bbox 1302 1231 1361 1271; x_wconf 87' lang='grc'>23,</span> <span class='ocrx_word' id='word_1_185' title='bbox 1392 1230 1433 1264; x_wconf 89' lang='grc'>11</span> <span class='ocrx_word' id='word_1_186' title='bbox 1461 1242 1531 1273; x_wconf 90' lang='lat' dir='ltr'>sqq.</span> <span class='ocrx_word' id='word_1_187' title='bbox 1568 1230 1627 1271; x_wconf 76' lang='lat' dir='ltr'>lv,</span> <span class='ocrx_word' id='word_1_188' title='bbox 1654 1230 1689 1272; x_wconf 84' lang='lat'>9,</span> <span class='ocrx_word' id='word_1_189' title='bbox 1717 1230 1763 1264; x_wconf 83' lang='lat'>23</span> <span class='ocrx_word' id='word_1_190' title='bbox 1788 1242 1837 1273; x_wconf 85' lang='lat' dir='ltr'>sq.</span> 
     </span>
     <span class='ocr_line' id='line_1_21' title="bbox 251 1277 1836 1323; baseline 0.002 -12"><span class='ocrx_word' id='word_1_191' title='bbox 251 1279 309 1320; x_wconf 85' lang='lat'>13,</span> <span class='ocrx_word' id='word_1_192' title='bbox 338 1278 386 1312; x_wconf 84' lang='lat'>27</span> <span class='ocrx_word' id='word_1_193' title='bbox 407 1290 455 1322; x_wconf 85' lang='lat' dir='ltr'>sq.</span> <span class='ocrx_word' id='word_1_194' title='bbox 486 1278 525 1312; x_wconf 88' lang='lat' dir='ltr'>cs.</span> <span class='ocrx_word' id='word_1_195' title='bbox 549 1279 657 1315; x_wconf 88' lang='lat' dir='ltr'>etiam,</span> <span class='ocrx_word' id='word_1_196' title='bbox 685 1280 713 1311; x_wconf 81' lang='lat' dir='ltr'>si</span> <span class='ocrx_word' id='word_1_197' title='bbox 740 1279 854 1323; x_wconf 82' lang='lat' dir='ltr'>placet,</span> <span class='ocrx_word' id='word_1_198' title='bbox 882 1279 996 1313; x_wconf 85' lang='lat' dir='ltr'>Horat.</span> <span class='ocrx_word' id='word_1_199' title='bbox 1020 1290 1111 1313; x_wconf 69' lang='lat' dir='ltr'>earm.</span> <span class='ocrx_word' id='word_1_200' title='bbox 1131 1279 1198 1317; x_wconf 84' lang='grc' dir='ltr'>ΙΙΙ,</span> <span class='ocrx_word' id='word_1_201' title='bbox 1221 1278 1254 1316; x_wconf 84' lang='grc'>4,</span> <span class='ocrx_word' id='word_1_202' title='bbox 1278 1278 1312 1312; x_wconf 88' lang='grc'>6.</span> <span class='ocrx_word' id='word_1_203' title='bbox 1332 1278 1390 1320; x_wconf 87' lang='grc'>22,</span> <span class='ocrx_word' id='word_1_204' title='bbox 1414 1278 1458 1311; x_wconf 91' lang='grc'>17</span> <span class='ocrx_word' id='word_1_205' title='bbox 1472 1290 1543 1321; x_wconf 86' lang='lat' dir='ltr'>sqq.</span> <span class='ocrx_word' id='word_1_206' title='bbox 1569 1281 1629 1314; x_wconf 81' lang='lat' dir='ltr'>sat.</span> <span class='ocrx_word' id='word_1_207' title='bbox 1651 1278 1679 1320; x_wconf 83' lang='lat' dir='ltr'>l,</span> <span class='ocrx_word' id='word_1_208' title='bbox 1702 1279 1760 1322; x_wconf 70' lang='lat'>10,</span> <span class='ocrx_word' id='word_1_209' title='bbox 1783 1277 1836 1314; x_wconf 85' lang='lat'>19.</span> 
     </span>
    </p>
   </div>
   <div class='ocr_carea' id='block_1_7' title="bbox 535 1374 1559 1484">
    <p class='ocr_par' dir='ltr' id='par_1_8' title="bbox 535 1374 1559 1484">
     <span class='ocr_line' id='line_1_22' title="bbox 960 1374 1134 1416; baseline 0.011 -8"><span class='ocrx_word' id='word_1_210' title='bbox 960 1375 988 1413; x_wconf 88' lang='grc' dir='ltr'>Ι,</span> <span class='ocrx_word' id='word_1_211' title='bbox 1016 1374 1134 1416; x_wconf 83' lang='lat'>3,16.</span> 
     </span>
     <span class='ocr_line' id='line_1_23' title="bbox 535 1440 1559 1484; baseline 0.003 -12"><span class='ocrx_word' id='word_1_212' title='bbox 535 1441 778 1484; x_wconf 79' lang='lat' dir='ltr'>Osculaque</span> <span class='ocrx_word' id='word_1_213' title='bbox 815 1440 981 1473; x_wconf 85' lang='lat' dir='ltr'>admota</span> <span class='ocrx_word' id='word_1_214' title='bbox 1017 1451 1182 1473; x_wconf 79' lang='lat' dir='ltr'>sumere</span> <span class='ocrx_word' id='word_1_215' title='bbox 1209 1443 1247 1473; x_wconf 89' lang='lat' dir='ltr'>et</span> <span class='ocrx_word' id='word_1_216' title='bbox 1282 1452 1393 1473; x_wconf 90' lang='lat' dir='ltr'>arma</span> <span class='ocrx_word' id='word_1_217' title='bbox 1429 1452 1559 1476; x_wconf 87' lang='lat' dir='ltr'>manu.</span> 
     </span>
    </p>
   </div>
   <div class='ocr_carea' id='block_1_8' title="bbox 248 1505 1839 1654">
    <p class='ocr_par' dir='ltr' id='par_1_9' title="bbox 248 1505 1839 1654">
     <span class='ocr_line' id='line_1_24' title="bbox 371 1505 1839 1557; baseline 0 -11"><span class='ocrx_word' id='word_1_218' title='bbox 371 1513 457 1546; x_wconf 88' lang='lat' dir='ltr'>Haec</span> <span class='ocrx_word' id='word_1_219' title='bbox 485 1512 681 1557; x_wconf 87' lang='lat' dir='ltr'>optimorum</span> <span class='ocrx_word' id='word_1_220' title='bbox 698 1505 796 1547; x_wconf 85' lang='lat' dir='ltr'>&#39;codd.</span> <span class='ocrx_word' id='word_1_221' title='bbox 824 1512 984 1557; x_wconf 81' lang='lat' dir='ltr'>scriptura</span> <span class='ocrx_word' id='word_1_222' title='bbox 1010 1515 1135 1556; x_wconf 87' lang='lat' dir='ltr'>praeter</span> <span class='ocrx_word' id='word_1_223' title='bbox 1162 1512 1379 1557; x_wconf 82' lang='lat' dir='ltr'>Groningani,</span> <span class='ocrx_word' id='word_1_224' title='bbox 1407 1513 1461 1556; x_wconf 89' lang='lat' dir='ltr'>qui</span> <span class='ocrx_word' id='word_1_225' title='bbox 1489 1516 1525 1546; x_wconf 88' lang='lat' dir='ltr'>et</span> <span class='ocrx_word' id='word_1_226' title='bbox 1554 1513 1676 1546; x_wconf 90' lang='lat' dir='ltr'>omittit</span> <span class='ocrx_word' id='word_1_227' title='bbox 1702 1512 1839 1547; x_wconf 79' lang='lat' dir='ltr'>fortasse</span> 
     </span>
     <span class='ocr_line' id='line_1_25' title="bbox 251 1560 1839 1605; baseline 0 -10"><span class='ocrx_word' id='word_1_228' title='bbox 251 1574 285 1595; x_wconf 90' lang='lat' dir='ltr'>ea</span> <span class='ocrx_word' id='word_1_229' title='bbox 313 1562 350 1594; x_wconf 86' lang='lat' dir='ltr'>de</span> <span class='ocrx_word' id='word_1_230' title='bbox 377 1573 482 1603; x_wconf 74' lang='lat' dir='ltr'>causa,</span> <span class='ocrx_word' id='word_1_231' title='bbox 511 1561 596 1604; x_wconf 88' lang='lat' dir='ltr'>quod</span> <span class='ocrx_word' id='word_1_232' title='bbox 624 1561 657 1594; x_wconf 91' lang='lat' dir='ltr'>in</span> <span class='ocrx_word' id='word_1_233' title='bbox 686 1561 855 1605; x_wconf 84' lang='lat' dir='ltr'>exemplari</span> <span class='ocrx_word' id='word_1_234' title='bbox 884 1572 944 1594; x_wconf 89' lang='lat' dir='ltr'>suo</span> <span class='ocrx_word' id='word_1_235' title='bbox 972 1572 1036 1594; x_wconf 91' lang='lat' dir='ltr'>nou</span> <span class='ocrx_word' id='word_1_236' title='bbox 1065 1560 1155 1605; x_wconf 86' lang='lat' dir='ltr'>legit,</span> <span class='ocrx_word' id='word_1_237' title='bbox 1190 1572 1259 1594; x_wconf 82' lang='lat' dir='ltr'>cum</span> <span class='ocrx_word' id='word_1_238' title='bbox 1292 1562 1386 1594; x_wconf 88' lang='lat' dir='ltr'>ceteri</span> <span class='ocrx_word' id='word_1_239' title='bbox 1421 1561 1605 1596; x_wconf 77' lang='lat' dir='ltr'>removendi</span> <span class='ocrx_word' id='word_1_240' title='bbox 1633 1561 1740 1595; x_wconf 88' lang='lat' dir='ltr'>hiatus</span> <span class='ocrx_word' id='word_1_241' title='bbox 1767 1565 1839 1595; x_wconf 86' lang='lat' dir='ltr'>stu-</span> 
     </span>
     <span class='ocr_line' id='line_1_26' title="bbox 248 1609 1429 1654; baseline 0 -10"><span class='ocrx_word' id='word_1_242' title='bbox 248 1610 333 1644; x_wconf 84' lang='lat' dir='ltr'>diosi</span> <span class='ocrx_word' id='word_1_243' title='bbox 360 1609 578 1654; x_wconf 83' lang='lat' dir='ltr'>ineptissime,</span> <span class='ocrx_word' id='word_1_244' title='bbox 608 1613 641 1643; x_wconf 91' lang='lat' dir='ltr'>ut</span> <span class='ocrx_word' id='word_1_245' title='bbox 669 1609 860 1649; x_wconf 80' lang='lat' dir='ltr'>videbimus,</span> <span class='ocrx_word' id='word_1_246' title='bbox 889 1609 977 1642; x_wconf 89' lang='lat' dir='ltr'>illam</span> <span class='ocrx_word' id='word_1_247' title='bbox 1005 1609 1148 1643; x_wconf 76' lang='lat' dir='ltr'>voculam</span> <span class='ocrx_word' id='word_1_248' title='bbox 1175 1609 1429 1653; x_wconf 80' lang='lat' dir='ltr'>interponerent.</span> 
     </span>
    </p>
   </div>
   <div class='ocr_carea' id='block_1_9' title="bbox 246 1665 1840 2295">
    <p class='ocr_par' dir='ltr' id='par_1_10' title="bbox 246 1665 1840 2295">
     <span class='ocr_line' id='line_1_27' title="bbox 372 1665 1839 1712; baseline 0 -12"><span class='ocrx_word' id='word_1_249' title='bbox 372 1667 456 1711; x_wconf 76' lang='lat' dir='ltr'>Quid</span> <span class='ocrx_word' id='word_1_250' title='bbox 488 1666 675 1711; x_wconf 77' lang='lat' dir='ltr'>significent</span> <span class='ocrx_word' id='word_1_251' title='bbox 710 1666 803 1700; x_wconf 77' lang='lat' dir='ltr'>verba</span> <span class='ocrx_word' id='word_1_252' title='bbox 837 1665 986 1700; x_wconf 84' lang='lat' dir='ltr'>oscula</span> <span class='ocrx_word' id='word_1_253' title='bbox 1021 1669 1058 1700; x_wconf 80' lang='lat' dir='ltr'>et</span> <span class='ocrx_word' id='word_1_254' title='bbox 1093 1678 1199 1700; x_wconf 86' lang='lat' dir='ltr'>arma</span> <span class='ocrx_word' id='word_1_255' title='bbox 1232 1678 1418 1709; x_wconf 87' lang='lat' dir='ltr'>sumere,</span> <span class='ocrx_word' id='word_1_256' title='bbox 1450 1666 1677 1701; x_wconf 84' lang='lat' dir='ltr'>Lactnnannus</span> <span class='ocrx_word' id='word_1_257' title='bbox 1710 1670 1737 1700; x_wconf 86' lang='lat' dir='ltr'>et</span> <span class='ocrx_word' id='word_1_258' title='bbox 1765 1670 1839 1712; x_wconf 91' lang='lat' dir='ltr'>post</span> 
     </span>
     <span class='ocr_line' id='line_1_28' title="bbox 248 1715 1838 1759; baseline -0.001 -10"><span class='ocrx_word' id='word_1_259' title='bbox 248 1728 319 1750; x_wconf 91' lang='lat' dir='ltr'>eum</span> <span class='ocrx_word' id='word_1_260' title='bbox 346 1716 567 1759; x_wconf 83' lang='lat' dir='ltr'>Hertzbergus</span> <span class='ocrx_word' id='word_1_261' title='bbox 595 1715 801 1759; x_wconf 84' lang='lat' dir='ltr'>interpretari</span> <span class='ocrx_word' id='word_1_262' title='bbox 827 1715 956 1757; x_wconf 82' lang='lat' dir='ltr'>quidem</span> <span class='ocrx_word' id='word_1_263' title='bbox 983 1716 1087 1748; x_wconf 83' lang='lat' dir='ltr'>conati</span> <span class='ocrx_word' id='word_1_264' title='bbox 1115 1719 1191 1748; x_wconf 84' lang='lat' dir='ltr'>sunt</span> <span class='ocrx_word' id='word_1_265' title='bbox 1220 1719 1382 1759; x_wconf 79' lang='lat' dir='ltr'>zeugmate</span> <span class='ocrx_word' id='word_1_266' title='bbox 1410 1716 1597 1756; x_wconf 85' lang='lat' dir='ltr'>durissimo,</span> <span class='ocrx_word' id='word_1_267' title='bbox 1624 1715 1678 1748; x_wconf 91' lang='lat' dir='ltr'>sed</span> <span class='ocrx_word' id='word_1_268' title='bbox 1705 1718 1838 1749; x_wconf 83' lang='lat' dir='ltr'>conatus</span> 
     </span>
     <span class='ocr_line' id='line_1_29' title="bbox 249 1757 1838 1807; baseline -0.001 -10"><span class='ocrx_word' id='word_1_269' title='bbox 249 1757 500 1798; x_wconf 64' lang='lat' dir='ltr'>eorum-merito</span> <span class='ocrx_word' id='word_1_270' title='bbox 528 1775 595 1796; x_wconf 90' lang='lat' dir='ltr'>non</span> <span class='ocrx_word' id='word_1_271' title='bbox 623 1764 763 1804; x_wconf 80' lang='lat' dir='ltr'>invenit,</span> <span class='ocrx_word' id='word_1_272' title='bbox 798 1764 852 1806; x_wconf 87' lang='lat' dir='ltr'>qui</span> <span class='ocrx_word' id='word_1_273' title='bbox 880 1764 1062 1807; x_wconf 82' lang='lat' dir='ltr'>probarent.</span> <span class='ocrx_word' id='word_1_274' title='bbox 1115 1763 1261 1797; x_wconf 83' lang='lat' dir='ltr'>Absurda</span> <span class='ocrx_word' id='word_1_275' title='bbox 1288 1774 1358 1796; x_wconf 87' lang='lat' dir='ltr'>esse</span> <span class='ocrx_word' id='word_1_276' title='bbox 1394 1764 1487 1797; x_wconf 90' lang='lat' dir='ltr'>verba</span> <span class='ocrx_word' id='word_1_277' title='bbox 1520 1764 1582 1796; x_wconf 83' lang='lat' dir='ltr'>ista</span> <span class='ocrx_word' id='word_1_278' title='bbox 1616 1763 1679 1796; x_wconf 90' lang='lat' dir='ltr'>iam</span> <span class='ocrx_word' id='word_1_279' title='bbox 1715 1764 1838 1807; x_wconf 79' lang='lat' dir='ltr'>priores</span> 
     </span>
     <span class='ocr_line' id='line_1_30' title="bbox 248 1811 1838 1857; baseline -0.001 -11"><span class='ocrx_word' id='word_1_280' title='bbox 248 1815 437 1853; x_wconf 88' lang='lat' dir='ltr'>senserunt,</span> <span class='ocrx_word' id='word_1_281' title='bbox 466 1823 567 1855; x_wconf 88' lang='lat' dir='ltr'>neque</span> <span class='ocrx_word' id='word_1_282' title='bbox 595 1811 709 1853; x_wconf 81' lang='lat' dir='ltr'>defuit,</span> <span class='ocrx_word' id='word_1_283' title='bbox 743 1812 797 1855; x_wconf 91' lang='lat' dir='ltr'>qui</span> <span class='ocrx_word' id='word_1_284' title='bbox 824 1811 979 1845; x_wconf 87' lang='lat' dir='ltr'>medelam</span> <span class='ocrx_word' id='word_1_285' title='bbox 1011 1811 1166 1845; x_wconf 86' lang='lat' dir='ltr'>allaturus</span> <span class='ocrx_word' id='word_1_286' title='bbox 1194 1815 1290 1853; x_wconf 87' lang='lat' dir='ltr'>esset,</span> <span class='ocrx_word' id='word_1_287' title='bbox 1324 1812 1350 1846; x_wconf 92' lang='grc' dir='ltr'>Ι.</span> <span class='ocrx_word' id='word_1_288' title='bbox 1380 1811 1433 1848; x_wconf 80' lang='lat' dir='ltr'>Fr.</span> <span class='ocrx_word' id='word_1_289' title='bbox 1463 1812 1661 1846; x_wconf 90' lang='lat' dir='ltr'>Gronovius.</span> <span class='ocrx_word' id='word_1_290' title='bbox 1714 1812 1748 1845; x_wconf 91' lang='lat' dir='ltr'>Is</span> <span class='ocrx_word' id='word_1_291' title='bbox 1776 1812 1838 1857; x_wconf 87' lang='lat' dir='ltr'>legi</span> 
     </span>
     <span class='ocr_line' id='line_1_31' title="bbox 247 1860 1838 1905; baseline -0.001 -10"><span class='ocrx_word' id='word_1_292' title='bbox 247 1861 353 1895; x_wconf 89' lang='lat' dir='ltr'>voliut</span> <span class='ocrx_word' id='word_1_293' title='bbox 379 1861 427 1895; x_wconf 89' lang='lat' dir='ltr'>ad</span> <span class='ocrx_word' id='word_1_294' title='bbox 457 1872 548 1901; x_wconf 86' lang='lat' dir='ltr'>ora,</span> <span class='ocrx_word' id='word_1_295' title='bbox 576 1861 660 1904; x_wconf 90' lang='lat' dir='ltr'>quod</span> <span class='ocrx_word' id='word_1_296' title='bbox 688 1860 851 1905; x_wconf 86' lang='lat' dir='ltr'>Hauptius</span> <span class='ocrx_word' id='word_1_297' title='bbox 879 1860 1007 1905; x_wconf 82' lang='lat' dir='ltr'>recepit.</span> <span class='ocrx_word' id='word_1_298' title='bbox 1060 1860 1160 1903; x_wconf 75' lang='lat' dir='ltr'>Quam</span> <span class='ocrx_word' id='word_1_299' title='bbox 1188 1861 1412 1903; x_wconf 81' lang='lat' dir='ltr'>coniecturam,</span> <span class='ocrx_word' id='word_1_300' title='bbox 1439 1873 1508 1895; x_wconf 81' lang='lat' dir='ltr'>cum</span> <span class='ocrx_word' id='word_1_301' title='bbox 1535 1872 1602 1894; x_wconf 90' lang='lat' dir='ltr'>non</span> <span class='ocrx_word' id='word_1_302' title='bbox 1629 1860 1838 1903; x_wconf 76' lang='lat' dir='ltr'>satisfaceret,</span> 
     </span>
     <span class='ocr_line' id='line_1_32' title="bbox 249 1908 1839 1954; baseline -0.001 -10"><span class='ocrx_word' id='word_1_303' title='bbox 249 1910 456 1954; x_wconf 84' lang='lat' dir='ltr'>repudiantes</span> <span class='ocrx_word' id='word_1_304' title='bbox 483 1909 704 1943; x_wconf 80' lang='lat' dir='ltr'>Baelirensius</span> <span class='ocrx_word' id='word_1_305' title='bbox 732 1912 762 1942; x_wconf 84' lang='lat' dir='ltr'>et</span> <span class='ocrx_word' id='word_1_306' title='bbox 787 1921 857 1943; x_wconf 87' lang='lat' dir='ltr'>cum</span> <span class='ocrx_word' id='word_1_307' title='bbox 886 1921 921 1941; x_wconf 83' lang='lat' dir='ltr'>eo</span> <span class='ocrx_word' id='word_1_308' title='bbox 948 1908 1112 1942; x_wconf 76' lang='lat' dir='ltr'>Lucianus</span> <span class='ocrx_word' id='word_1_309' title='bbox 1140 1910 1269 1951; x_wconf 78' lang='lat' dir='ltr'>ltli&#39;iller,</span> <span class='ocrx_word' id='word_1_310' title='bbox 1297 1910 1435 1953; x_wconf 83' lang='lat' dir='ltr'>itemque</span> <span class='ocrx_word' id='word_1_311' title='bbox 1456 1909 1607 1943; x_wconf 81' lang='lat' dir='ltr'>-Kochius</span> <span class='ocrx_word' id='word_1_312' title='bbox 1634 1910 1668 1942; x_wconf 88' lang='lat' dir='ltr'>in</span> <span class='ocrx_word' id='word_1_313' title='bbox 1696 1909 1839 1952; x_wconf 87' lang='lat' dir='ltr'>symbola</span> 
     </span>
     <span class='ocr_line' id='line_1_33' title="bbox 247 1957 1840 2003; baseline -0.001 -12"><span class='ocrx_word' id='word_1_314' title='bbox 247 1959 405 2003; x_wconf 86' lang='lat' dir='ltr'>philolog.</span> <span class='ocrx_word' id='word_1_315' title='bbox 434 1958 542 2000; x_wconf 76' lang='lat' dir='ltr'>Bonn.</span> <span class='ocrx_word' id='word_1_316' title='bbox 572 1970 602 2002; x_wconf 86' lang='lat' dir='ltr'>p.</span> <span class='ocrx_word' id='word_1_317' title='bbox 630 1958 712 1991; x_wconf 84' lang='lat'>321.</span> <span class='ocrx_word' id='word_1_318' title='bbox 736 1958 832 1991; x_wconf 87' lang='lat' dir='ltr'>eiecta</span> <span class='ocrx_word' id='word_1_319' title='bbox 852 1957 965 1991; x_wconf 86' lang='lat' dir='ltr'>vocula</span> <span class='ocrx_word' id='word_1_320' title='bbox 990 1961 1023 1990; x_wconf 87' lang='lat' dir='ltr'>et</span> <span class='ocrx_word' id='word_1_321' title='bbox 1056 1961 1089 1990; x_wconf 88' lang='lat' dir='ltr'>ut</span> <span class='ocrx_word' id='word_1_322' title='bbox 1119 1958 1309 2002; x_wconf 85' lang='lat' dir='ltr'>interpolata</span> <span class='ocrx_word' id='word_1_323' title='bbox 1336 1969 1393 2002; x_wconf 92' lang='lat' dir='ltr'>pro</span> <span class='ocrx_word' id='word_1_324' title='bbox 1421 1970 1529 1991; x_wconf 86' lang='lat' dir='ltr'>arma</span> <span class='ocrx_word' id='word_1_325' title='bbox 1556 1958 1711 2002; x_wconf 83' lang='lat' dir='ltr'>scriptum</span> <span class='ocrx_word' id='word_1_326' title='bbox 1738 1958 1840 1992; x_wconf 84' lang='lat' dir='ltr'>fuisse</span> 
     </span>
     <span class='ocr_line' id='line_1_34' title="bbox 247 2005 1838 2051; baseline 0 -11"><span class='ocrx_word' id='word_1_327' title='bbox 247 2018 342 2040; x_wconf 74' lang='lat' dir='ltr'>cara</span> <span class='ocrx_word' id='word_1_328' title='bbox 374 2007 583 2051; x_wconf 82' lang='lat' dir='ltr'>suspicantur</span> <span class='ocrx_word' id='word_1_329' title='bbox 616 2007 712 2049; x_wconf 89' lang='lat' dir='ltr'>idque</span> <span class='ocrx_word' id='word_1_330' title='bbox 746 2006 869 2049; x_wconf 87' lang='lat' dir='ltr'>aliquot</span> <span class='ocrx_word' id='word_1_331' title='bbox 906 2005 985 2039; x_wconf 90' lang='lat' dir='ltr'>Iocis</span> <span class='ocrx_word' id='word_1_332' title='bbox 1021 2005 1216 2040; x_wconf 85' lang='lat' dir='ltr'>Tibullianis</span> <span class='ocrx_word' id='word_1_333' title='bbox 1250 2009 1280 2039; x_wconf 88' lang='lat' dir='ltr'>et</span> <span class='ocrx_word' id='word_1_334' title='bbox 1316 2006 1486 2040; x_wconf 85' lang='lat' dir='ltr'>Ovidianis</span> <span class='ocrx_word' id='word_1_335' title='bbox 1526 2007 1657 2050; x_wconf 87' lang='lat' dir='ltr'>probare</span> <span class='ocrx_word' id='word_1_336' title='bbox 1695 2007 1838 2040; x_wconf 88' lang='lat' dir='ltr'>student.</span> 
     </span>
     <span class='ocr_line' id='line_1_35' title="bbox 246 2054 1838 2099; baseline -0.001 -11"><span class='ocrx_word' id='word_1_337' title='bbox 246 2055 327 2095; x_wconf 84' lang='lat' dir='ltr'>Nos,</span> <span class='ocrx_word' id='word_1_338' title='bbox 357 2055 471 2098; x_wconf 88' lang='lat' dir='ltr'>quibus</span> <span class='ocrx_word' id='word_1_339' title='bbox 499 2066 533 2088; x_wconf 87' lang='lat' dir='ltr'>ea</span> <span class='ocrx_word' id='word_1_340' title='bbox 560 2055 740 2088; x_wconf 84' lang='lat' dir='ltr'>emendatio</span> <span class='ocrx_word' id='word_1_341' title='bbox 768 2055 901 2088; x_wconf 89' lang='lat' dir='ltr'>minime</span> <span class='ocrx_word' id='word_1_342' title='bbox 930 2055 1108 2099; x_wconf 86' lang='lat' dir='ltr'>displiceat,</span> <span class='ocrx_word' id='word_1_343' title='bbox 1136 2058 1241 2088; x_wconf 84' lang='lat' dir='ltr'>tamen</span> <span class='ocrx_word' id='word_1_344' title='bbox 1268 2055 1361 2088; x_wconf 88' lang='lat' dir='ltr'>aliam</span> <span class='ocrx_word' id='word_1_345' title='bbox 1377 2054 1545 2088; x_wconf 86' lang='lat' dir='ltr'>invenisse</span> <span class='ocrx_word' id='word_1_346' title='bbox 1568 2054 1660 2088; x_wconf 89' lang='lat' dir='ltr'>nobis</span> <span class='ocrx_word' id='word_1_347' title='bbox 1681 2054 1838 2096; x_wconf 89' lang='lat' dir='ltr'>videmur,</span> 
     </span>
     <span class='ocr_line' id='line_1_36' title="bbox 248 2102 1839 2148; baseline -0.001 -12"><span class='ocrx_word' id='word_1_348' title='bbox 248 2114 327 2147; x_wconf 91' lang='lat' dir='ltr'>quae</span> <span class='ocrx_word' id='word_1_349' title='bbox 354 2104 489 2148; x_wconf 87' lang='lat' dir='ltr'>propius</span> <span class='ocrx_word' id='word_1_350' title='bbox 518 2104 612 2137; x_wconf 85' lang='lat' dir='ltr'>etiam</span> <span class='ocrx_word' id='word_1_351' title='bbox 641 2103 765 2136; x_wconf 72' lang='lat' dir='ltr'>accedat</span> <span class='ocrx_word' id='word_1_352' title='bbox 791 2104 828 2136; x_wconf 86' lang='lat' dir='ltr'>ad</span> <span class='ocrx_word' id='word_1_353' title='bbox 856 2103 991 2136; x_wconf 81' lang='lat' dir='ltr'>traditas</span> <span class='ocrx_word' id='word_1_354' title='bbox 1020 2103 1154 2138; x_wconf 79' lang='lat' dir='ltr'>litteras.</span> <span class='ocrx_word' id='word_1_355' title='bbox 1195 2102 1337 2136; x_wconf 73' lang='lat' dir='ltr'>Facilius</span> <span class='ocrx_word' id='word_1_356' title='bbox 1359 2102 1444 2136; x_wconf 88' lang='lat' dir='ltr'>enim</span> <span class='ocrx_word' id='word_1_357' title='bbox 1471 2114 1577 2136; x_wconf 87' lang='lat' dir='ltr'>arma</span> <span class='ocrx_word' id='word_1_358' title='bbox 1604 2103 1673 2136; x_wconf 82' lang='lat' dir='ltr'>fieri</span> <span class='ocrx_word' id='word_1_359' title='bbox 1693 2103 1839 2147; x_wconf 86' lang='lat' dir='ltr'>potuisse</span> 
     </span>
     <span class='ocr_line' id='line_1_37' title="bbox 247 2151 1839 2197; baseline 0.001 -13"><span class='ocrx_word' id='word_1_360' title='bbox 247 2164 304 2197; x_wconf 85' lang='lat' dir='ltr'>per</span> <span class='ocrx_word' id='word_1_361' title='bbox 338 2164 477 2186; x_wconf 85' lang='lat' dir='ltr'>errorem</span> <span class='ocrx_word' id='word_1_362' title='bbox 513 2152 722 2186; x_wconf 86' lang='lat' dir='ltr'>describentis</span> <span class='ocrx_word' id='word_1_363' title='bbox 758 2163 793 2184; x_wconf 84' lang='lat' dir='ltr'>ex</span> <span class='ocrx_word' id='word_1_364' title='bbox 830 2153 877 2186; x_wconf 86' lang='lat' dir='ltr'>eis</span> <span class='ocrx_word' id='word_1_365' title='bbox 913 2151 1031 2186; x_wconf 78' lang='lat' dir='ltr'>litteris</span> <span class='ocrx_word' id='word_1_366' title='bbox 1067 2152 1270 2193; x_wconf 70' lang='lat' dir='ltr'>minusculis,</span> <span class='ocrx_word' id='word_1_367' title='bbox 1307 2163 1385 2196; x_wconf 90' lang='lat' dir='ltr'>quae</span> <span class='ocrx_word' id='word_1_368' title='bbox 1421 2154 1496 2185; x_wconf 87' lang='lat' dir='ltr'>sunt</span> <span class='ocrx_word' id='word_1_369' title='bbox 1530 2155 1670 2196; x_wconf 79' lang='lat' dir='ltr'>grata,</span> <span class='ocrx_word' id='word_1_370' title='bbox 1704 2163 1796 2194; x_wconf 84' lang='lat' dir='ltr'>quam</span> <span class='ocrx_word' id='word_1_371' title='bbox 1823 2163 1839 2184; x_wconf 89' lang='lat' dir='ltr'>e</span> 
     </span>
     <span class='ocr_line' id='line_1_38' title="bbox 247 2200 1840 2246; baseline -0.001 -11"><span class='ocrx_word' id='word_1_372' title='bbox 247 2213 335 2235; x_wconf 85' lang='lat' dir='ltr'>cara</span> <span class='ocrx_word' id='word_1_373' title='bbox 370 2213 428 2246; x_wconf 90' lang='lat' dir='ltr'>pro</span> <span class='ocrx_word' id='word_1_374' title='bbox 465 2204 549 2235; x_wconf 87' lang='lat' dir='ltr'>certo</span> <span class='ocrx_word' id='word_1_375' title='bbox 582 2201 731 2235; x_wconf 84' lang='lat' dir='ltr'>habemus</span> <span class='ocrx_word' id='word_1_376' title='bbox 768 2212 870 2245; x_wconf 87' lang='lat' dir='ltr'>neque</span> <span class='ocrx_word' id='word_1_377' title='bbox 906 2201 1066 2241; x_wconf 87' lang='lat' dir='ltr'>timemus,</span> <span class='ocrx_word' id='word_1_378' title='bbox 1103 2213 1142 2234; x_wconf 86' lang='lat' dir='ltr'>ne</span> <span class='ocrx_word' id='word_1_379' title='bbox 1177 2201 1227 2235; x_wconf 80' lang='lat' dir='ltr'>cui</span> <span class='ocrx_word' id='word_1_380' title='bbox 1264 2201 1372 2234; x_wconf 90' lang='lat' dir='ltr'>minus</span> <span class='ocrx_word' id='word_1_381' title='bbox 1405 2200 1527 2246; x_wconf 72' lang='lat' dir='ltr'>poetice</span> <span class='ocrx_word' id='word_1_382' title='bbox 1561 2200 1643 2234; x_wconf 79' lang='lat' dir='ltr'>dicta</span> <span class='ocrx_word' id='word_1_383' title='bbox 1670 2200 1840 2234; x_wconf 78' lang='lat' dir='ltr'>videantur</span> 
     </span>
     <span class='ocr_line' id='line_1_39' title="bbox 248 2250 714 2295; baseline 0.002 -12"><span class='ocrx_word' id='word_1_384' title='bbox 248 2250 354 2284; x_wconf 86' lang='lat' dir='ltr'>oscula</span> <span class='ocrx_word' id='word_1_385' title='bbox 382 2254 484 2295; x_wconf 85' lang='lat' dir='ltr'>grata,</span> <span class='ocrx_word' id='word_1_386' title='bbox 514 2262 608 2294; x_wconf 87' lang='lat' dir='ltr'>quam</span> <span class='ocrx_word' id='word_1_387' title='bbox 635 2262 714 2286; x_wconf 71' lang='lat' dir='ltr'>rara.</span> 
     </span>
    </p>
   </div>
   <div class='ocr_carea' id='block_1_10' title="bbox 1966 0 2118 93">
    <p class='ocr_par' dir='ltr' id='par_1_11' title="bbox 1966 0 2118 93">
     <span class='ocr_line' id='line_1_40' title="bbox 1966 0 2118 93; baseline 0 2605"><span class='ocrx_word' id='word_1_388' title='bbox 1966 0 2118 93; x_wconf 95' lang='lat' dir='ltr'> </span> 
     </span>
    </p>
   </div>
  </div>
 </body>
</html>
