2118 2698
1004 198 1042 230 17

358 297 492 335 Versus‘
508 297 565 334 44.
592 301 624 332 et
649 297 706 334 45.
732 297 870 332 minime
893 307 968 331 cum
982 295 1202 332 Heimreiehio
1226 295 1389 330 eiciendos
1413 305 1485 329 esse
1508 297 1601 341 puto.
1639 294 1704 330 115·
1725 296 1818 332 enin

236 349 344 384 eiectis
391 359 495 383 unm
540 350 669 382 tantm
705 346 887 393 exemplum
933 347 1136 391 supeream,
1175 355 1241 389 quo
1285 347 1381 390 poet·
1427 343 1622 378 sententiam
1664 344 1818 381 ‘venitus

238 397 295 432 41.
321 396 379 432 42.
405 395 563 431 inclusam
589 396 746 440 proheret.
770 394 890 437 *Horis
914 396 1022 428 nutem
1047 392 1211 438 Propertii
1235 396 1286 427 est
1309 395 1368 427 aut
1392 392 1458 426 duo
1482 394 1551 433 aut,
1577 392 1662 435 quod
1687 393 1818 440 saepius

236 446 287 489 fit,
310 445 376 487 ,tria
400 443 543 490 exempla
568 444 777 491 coniungere.
829 442 893 476 Sed
918 442 1068 486 quamvis
1093 452 1209 476 versus
1235 441 1318 476 istos
1337 439 1508 486 Propertio
1535 444 1679 475 servatos
1704 442 1817 485 velim,

236 497 342 529 tamen
369 493 609 537 hautquaquam
634 490 718 538 nesso
743 501 875 527 versum
903 490 974 534 45„
1007 491 1093 526 sicut
1118 490 1250 536 legitur,
1284 488 1570 535 corruptissimum
1596 500 1676 527 esse.
1727 490 1818 535 Quae

237 543 276 577 ad
301 542 442 577 sananda
468 542 563 577 verba
588 541 826 576 ausimano
853 543 884 574 et
904 538 1030 575 Kochio
1056 539 1183 585 prolata
1207 539 1299 581 sunt,
1325 550 1383 573 nec
1400 538 1528 584 placent
1552 549 1610 573 nec
1635 538 1817 583 sufficiunt,

237 602 340 636 neque
364 590 444 625 mihi
471 590 525 625 diu
551 590 705 625 meditato
728 589 878 625 invenire
903 588 1052 634 contigit,
1079 587 1164 632 quod
1190 588 1300 622 sensui
1321 587 1399 622 item
1419 589 1451 621 et
1469 585 1589 621 litteris
1608 587 1816 624 satisfaceret.

237 639 344 685 Igitur
367 639 611 685 exspectandum
637 641 699 680 est,
724 638 800 672 dum
826 636 950 672 felicior
974 637 1091 681 aliquis
1118 636 1246 678 existat,
1273 648 1289 670 a
1310 647 1373 681 quo
1395 636 1446 670 hic
1465 645 1579 670 versus
1600 636 1634 670 in
1655 636 1818 682 integrum

238 688 437 723 restituatur.

907 773 974 813 ΙΙΙ,
1000 774 1058 816 28,
1086 774 1143 810 53.

358 856 481 892 Nomen
508 855 663 891 Troiae
689 855 725 890 ab
752 855 810 890 hoc
836 866 931 891 versu
957 855 1095 890 alienum
1122 867 1193 890 esse
1216 867 1308 891 nemo
1330 855 1454 890 infitias
1481 855 1553 898 ibit,
1580 855 1634 900 qui
1660 856 1696 890 in
1721 867 1818 891 versu

239 909 391 950 sequente
424 905 569 939 diruta
603 916 732 949 regna
768 904 926 948 Priami
960 905 1078 938 senis
1114 904 1199 938 nihil
1232 905 1319 939 aliud
1353 904 1539 949 significare
1575 915 1683 949 posse,
1722 916 1817 948 quam

239 954 325 988 illam
357 954 461 998 ipsam
492 954 612 994 urbem,
647 953 848 988 concesserit.
899 952 979 986 Nam
1014 952 1097 996 quod
1129 951 1209 987 Luc.
1236 952 1361 986 Mullei*
1388 963 1461 997 pag.
1487 951 1614 988 xxxl.
1646 952 1746 998 praef.
1779 953 1819 987 ad

239 1001 338 1047 Prop.
365 1002 469 1036 locum
495 1000 556 1043 IV,
584 1002 618 1043 1,
645 1001 701 1037 31.
730 1000 787 1036 32.
819 1003 855 1035 ut
880 1000 1018 1035 similem
1052 1000 1170 1044 laudat,
1206 1012 1273 1035 non
1306 1000 1416 1043 video,
1448 1011 1510 1045 quo
1544 1000 1577 1034 id
1602 1001 1672 1035 iure
1697 1000 1818 1037 fecerit.

241 1051 289 1084 lbi
324 1050 409 1084 enim
443 1049 633 1094 Propertius
668 1050 759 1083 nullo
793 1049 965 1083 intervallo
999 1049 1085 1082 Ilion
1123 1052 1154 1082 et
1180 1049 1310 1084 Troiam
1343 1061 1409 1082 una
1442 1050 1548 1093 ponit,
1583 1050 1668 1092 quod
1693 1050 1722 1083 si
1748 1062 1816 1084 non

239 1098 444 1140 laudandum,
478 1101 511 1131 at
544 1096 708 1131 serendum
742 1100 807 1131 est:
843 1096 895 1131 hic
928 1107 1004 1130 vero
1037 1097 1177 1142 primum
1213 1096 1355 1139 Troiam,
1377 1096 1510 1130 .deinde
1543 1096 1709 1140 Achaiam,
1748 1101 1816 1133 tum

240 1147 378 1188 Thebas,
405 1146 542 1191 denique
569 1146 683 1180 iterum
709 1144 839 1181 Troiam
865 1144 1003 1181 dixerit?
1041 1144 1133 1190 Quod
1159 1146 1239 1181 mihi
1267 1146 1395 1191 quidem
1419 1156 1586 1191 nunquam
1610 1146 1817 1192 persuadebi-

240 1200 303 1232 tur.
355 1197 480 1239 ltaque,
506 1199 542 1229 ut
568 1195 711 1240 plerique
736 1195 860 1239 priores
886 1196 1089 1251 interpretes,
1125 1207 1183 1240 ego
1211 1207 1335 1239 quoque
1369 1194 1450 1229 illud
1477 1194 1607 1229 Troia
1632 1199 1816 1241 corruptum

241 1248 272 1279 et
305 1244 369 1278 alio
402 1244 533 1278 nomine
566 1243 751 1278 mutandum
785 1254 855 1277 esse
889 1254 1012 1279 censeo.
1070 1242 1231 1278 Nimirum
1266 1244 1352 1278 inter
1390 1254 1443 1277 eas
1482 1243 1700 1291 coniecturas,
1739 1256 1818 1289 quae

241 1293 402 1337 hucusque
428 1293 466 1325 ad
483 1292 568 1326 hunc
586 1292 688 1326 locum
707 1291 937 1325 emendandum
961 1291 1058 1325 factae
1084 1295 1174 1335 sunt,
1201 1295 1238 1326 ut
1262 1295 1338 1337 puta
1369 1292 1487 1334 lona,
1511 1291 1688 1334 Phthia,
1714 1292 1818 1336 an,

241 1341 330 1375 nulla
365 1344 426 1383 est,
460 1341 495 1374 in
530 1352 590 1384 qua
624 1340 814 1383 acquiescas,
866 1339 939 1374 Alia
974 1343 1077 1374 autem
1113 1340 1185 1385 ipso
1218 1341 1386 1375 verborum
1423 1340 1535 1374 ordine
1569 1341 1817 1376 commendatur.

241 1389 415 1434 Postquam
449 1390 535 1423 enim
568 1392 661 1434 poeta
695 1390 731 1422 in
764 1388 989 1423 enumerandis
1022 1389 1068 1423 eis
1104 1389 1306 1431 mulieribus,
1340 1400 1419 1433 quae
1454 1389 1512 1423 sub
1538 1400 1612 1423 orco
1638 1393 1816 1433 morantur,

241 1438 387 1483 Europes
414 1441 446 1471 et
464 1437 638 1482 Pasiphaes
664 1437 796 1470 nomina
822 1437 944 1478 attulit,
970 1437 1052 1471 nihil
1079 1438 1173 1471 nobis
1199 1437 1340 1472 similius
1366 1438 1434 1471 veri
1448 1438 1588 1479 videtur,
1616 1449 1709 1481 quam
1731 1450 1818 1472 com-

242 1485 454 1520 monefactum
480 1497 552 1520 eum
578 1485 663 1519 sedis
689 1496 796 1519 earum
829 1496 902 1519 mox
935 1485 1036 1530 ipsam
1062 1485 1231 1520 Cretam
1265 1485 1406 1520 insulam
1441 1485 1673 1521 nominavisse.
1726 1486 1819 1531 Quod

241 1546 312 1568 eum
337 1534 465 1577 faceret,
492 1545 689 1577 nequaquam
709 1535 917 1572 ταυτολογίαν
939 1534 1084 1568 admisit:
1112 1545 1215 1578 neque
1242 1534 1328 1574 enim
1346 1534 1488 1579 Europe,
1515 1545 1572 1567 nec
1597 1534 1756 1580 Pasiphae
1781 1535 1816 1569 in

242 1593 279 1615 eo
305 1593 437 1616 numero
464 1585 524 1623 est,
552 1593 629 1625 quas
657 1581 749 1615 Creta
785 1581 909 1623 tulit,
944 1592 1013 1615 cum
1045 1582 1144 1615 altera
1170 1582 1390 1624 Phoeniciam,
1426 1582 1523 1615 altera
1550 1581 1733 1616 Colchidem
1758 1594 1817 1628 pa-

243 1630 336 1665 triam
352 1631 564 1676 .profiteatur.
615 1630 686 1664 Imo
712 1629 742 1664 si
767 1632 843 1674 post
867 1629 940 1664 illas
967 1629 1134 1664 mulierum
1168 1630 1203 1664 in
1229 1630 1300 1676 ipsa
1327 1629 1422 1665 Creta
1454 1633 1595 1664 ortarum
1620 1631 1818 1665 mentionem

242 1678 329 1721 lacit,
363 1679 514 1725 inprimis
547 1679 585 1712 de
619 1678 761 1713 Ariadne
795 1681 826 1711 et
859 1677 1001 1712 Phaedra
1030 1678 1165 1724 cogitari
1199 1679 1281 1715 vult.
1343 1678 1521 1724 Epitheton
1553 1681 1659 1713 autem
1689 1682 1819 1714 vetus

243 1727 353 1762 Cretae
386 1728 553 1774 aptissime
587 1728 741 1761 adiectum
775 1730 836 1770 est,
869 1738 940 1761 cum
973 1727 1217 1771 antiquissimae
1251 1727 1332 1762 istae
1369 1727 1512 1771 fabulae,
1552 1738 1630 1772 quae
1664 1731 1743 1762 sunt
1780 1727 1820 1762 de

244 1778 333 1811 Iovis
366 1777 580 1819 incunabulis,
613 1777 650 1809 de
683 1775 761 1809 Iove
795 1779 826 1809 et
864 1774 1005 1820 Europe,
1043 1775 1081 1809 de
1119 1776 1243 1819 Minoe,
1278 1776 1433 1819 Daedalo,
1471 1776 1667 1820 labyrintho,
1706 1776 1819 1811 Mino-
1858 1779 1862 1782 ’

243 1828 347 1868 tauro,
374 1825 411 1858 de
437 1824 575 1866 Theseo,
602 1824 756 1865 Ariadna,
783 1822 937 1866 Phaedra,
963 1823 1047 1864 aliis,
1073 1824 1111 1857 ad
1138 1824 1227 1858 illam
1253 1824 1394 1858 insulam
1418 1825 1592 1869 respiciant
1621 1835 1725 1868 neque
1749 1825 1819 1859 veri

245 1874 403 1908 dissimile
429 1874 474 1908 sit
499 1874 589 1918 prius
616 1885 665 1915 eo,
692 1884 784 1916 quam
810 1872 859 1907 vel
886 1873 921 1906 in
948 1872 1048 1918 ipsam
1076 1871 1239 1907 Graeciam
1267 1872 1471 1907 orientalium
1502 1873 1671 1908 nationum
1695 1872 1821 1908 litteras

244 1925 275 1955 et
300 1925 383 1955 artes
410 1922 547 1966 perlatas
574 1932 653 1956 esse.

860 2009 928 2052 111,
954 2009 1013 2051 29,
1038 2009 1194 2044 23—42.

366 2090 438 2126 Non
465 2091 545 2125 satis
572 2091 680 2126 mirari
707 2102 851 2137 possum,
885 2090 969 2135 quod
996 2101 1088 2124 nemo
1114 2089 1215 2125 adhuc
1249 2091 1354 2125 sensit
1381 2090 1440 2125 hos
1472 2101 1585 2125 versus
1612 2089 1703 2125 nullo
1729 2093 1821 2136 pacto

247 2144 318 2176 cum
344 2140 600 2175 antecedentibus
627 2152 728 2174 unum
752 2143 845 2184 atque
870 2140 953 2174 idem
979 2151 1103 2174 carmen
1130 2139 1263 2176 efficere.
1302 2139 1539 2186 Argumentum
1566 2140 1652 2175 enim
1677 2140 1822 2185 priorum

246 2189 364 2235 viginti
391 2188 524 2223 duorum
550 2199 701 2222 versuum
734 2192 796 2222 tam
828 2188 990 2223 diversum
1023 2191 1072 2221 est
1097 2188 1134 2221 ab
1160 2188 1220 2230 eis,
1255 2200 1335 2232 quae
1368 2188 1502 2232 reliquis
1528 2189 1649 2234 viginti
1674 2188 1822 2223 versibus

247 2238 466 2280 continentur,
492 2240 528 2272 ut
554 2237 616 2271 duo
642 2237 780 2271 carmina
806 2236 1029 2272 constituenda
1055 2248 1126 2271 esse
1152 2236 1359 2272 manifestum
1386 2237 1440 2273 sit.
1492 2237 1572 2272 Nam
1598 2248 1667 2271 cum
1702 2237 1737 2271 iu
1764 2236 1823 2271 illo

1557 2293 1577 2324 3
