2118 2698
0 0 279 46 Zfffssfffssffit'fffif‘fsf'lf‘f'*
297 0 423 28 2'3-*22331'J‘
461 13 466 26 J
484 7 510 25 ¹,
531 0 583 20 ‘²⁵
613 5 620 18 Τ
640 15 645 17 -
660 8 665 10 ’
731 4 746 17 ”
780 13 782 15 ·
854 0 860 4 '
878 0 931 19 “³¹²
958 7 962 10 '
984 11 987 13 ’
1069 19 1072 23 .
1135 0 1141 17 .'
1181 0 1188 4 ⁶
1237 0 1256 12 '³
1346 0 1349 3 ³
1448 3 1469 22 ⁸-
1535 4 1539 6 “
1581 0 1590 6 “
1644 0 1647 23 ἶ
1704 0 1733 13 '¹'
1749 0 2020 28 1*,⁴¹'T7‹‘⁷·²1‘.·⁴‘J3-¹'-.''*³⁷
2040 2 2078 23 Τ

2 49 20 56 ..
37 26 183 57 ᾸἙμΝῙἾΞ
217 30 230 41 ·'
302 44 304 47 ,
336 28 355 34 ”’
375 39 379 43 -
418 26 429 43 ’τ
499 40 503 44 .
655 28 663 39 ¹
741 34 767 46 4ο
934 30 952 44 .’
1073 32 1075 34 ·
1389 32 1395 37 ‘
1524 24 1557 31 '⁷
1596 32 1599 34 ·
1925 25 1942 34 ⁴*
1968 22 1988 42 l*

991 183 1027 214 15

218 281 335 328 eapite*
354 282 423 316 iam,
443 280 539 317 annis
572 284 719 317 canente⁴
735 284 938 329 evaneseeret
970 282 997 318 i..
1019 294 1047 317 e.
1071 281 1198 327 fugeret
1233 285 1266 321 et
1297 281 1366 317 ian.
1386 280 1796 327 murti-appropinquat
2055 291 2093 322 ·;·,,

218 329 365 387 Annis
391 329 511 365 canis
538 330 624 365 enim
648 332 699 364 'est
723 329 881 366 ablativus
907 330 1164 387 consequentiae.
1193 330 1562 387 ¹Variesoeiidi..mitem-
1581 330 1712 387 vai-hin
1733 329 1798 365 hoe
2052 327 2118 390 ,ᾖ

218 379 288 414 loeo
315 382 410 413 etiam
436 390 478 422 eo
513 379 763 423 commendatur,
792 379 990 423 vquodffuiox
1016 379 1154 418 Tithoni
1183 382 1308 420 ,mentm
1345 378 1396 421 fit,
1412 389 1524 423 ‚quem
1557 378 1725 424 paullatim
1749 379 1795 414 ita
2075 396 2077 399 ·
2108 392 2118 414 ε

219 427 570 510 ῗῗηεῖῐέιῑε3ὃιπυίεεθ
595 426 834 473 ιιιγιίιοςικίιρίιὶγ
849 428 992 472 tradunt,
1017 430 1054 465 ut
1079 427 1502 473 propemodumevauuerit
1527 427 1568 462 ef.
1594 426 1674 461 Hor.
1701 439 1795 462 earm.

259 501 269 519 ,
345 501 355 518 ,
431 502 440 511 .

790 559 792 562 ’
844 555 913 600 1113
943 556 998 599 19,
1024 555 1082 592 21.
1110 556 1169 591 22.
2100 586 2118 605 ἃ

343 620 443 668 Quem
478 621 516 655 ad
550 619 678 655 modum
712 621 773 656 hoc
805 620 966 664 distichon
1000 633 1070 660 cum
1103 621 1301 664 mteeedenti
1331 621 1508 664 cohaereat,
1542 631 1653 655 omnes
1683 619 1796 662 adhuc,
2085 630 2118 671 ..Α

222 671 321 717 quod·
340 668 451 717 sciam,
486 667 679 716 interpretes
715 669 894 716 explicandi
928 682 1022 716 opera
1056 669 1316 715 supersederunt.
1377 669 1470 714 Quod
1501 670 1531 705 si
1564 680 1599 703 ea
1633 669 1671 703 de
1704 680 1798 704 eausa
2085 668 2118 759 ὲ

220 716 375 763 fecerunt,
399 720 488 762 ‘quod
514 719 622 753 omnia
647 719 743 765 plana
770 722 879 753 essent
905 722 936 753 et
956 719 994 754 ad
1012 719 1262 764 intellegendum
1280 719 1398 762 facilia,
1425 718 1505 753 mihi
1531 730 1607 753 sane
1632 717 1815 760 fatendum⁴
2071 733 2091 759 <2
2116 762 2118 765 Α

221 771 279 814 est.
295 779 344 802 me
371 779 497 823 semper
521 767 677 812 particula
702 770 746 801 ut
772 761 891 801 offendi
917 778 1018 811 neque
1044 768 1163 809 videre,
1191 768 1349 811 quomodo
1376 778 1419 812 ea
1435 770 1514 812 apte.
1528 766 1714 811 explicanda
1739 765 1795 802 sit.
2090 764 2118 818 »ᾗ

220 816 289 851 Aut
315 816 401 850 enim
436 815 558 850 infelici
593 816 727 860 quadam
753 815 899 851 caecitate
925 815 1043 860 laboro,
1078 827 1140 860 qua
1165 827 1277 851 verum
1301 816 1410 851 videre
1436 815 1618 861 prohibeor,
1654 817 1709 849 aut
1733 826 1797 849 vox
2081 815 2118 834 “

221 864 276 899 illa
310 865 372 899 alio
408 860 513 898 sensu'
538 865 637 910 accipi
671 877 738 898 non
770 867 890 910 potest,
924 865 990 898 nisi
1021 865 1122 899 finali.
1175 865 1319 908 Quantae
1350 867 1456 899 autem
1490 867 1558 898 tum
1591 863 1796 907 difficultates
2085 863 2118 902 ’,ΐ

221 914 378 956 oriantur,
405 913 622 947 demonstrare
648 913 727 947 mihi
753 914 856 947 liceat.
1217 916 1233 931 ⁶
2098 916 2118 965 Ξ

340 962 460 1005 Ecquis
496 960 582 995 enim
616 965 676 1004 est,
711 962 767 1005 qui
802 965 929 1007 poetam
955 962 1076 996 dixisse
1100 964 1192 1007 putet
1219 973 1253 996 se
1278 962 1446 996 venationi
1481 973 1608 1006 operam
1635 961 1795 1002 daturum,

221 1022 288 1044 non
327 1014 433 1044 tamen
473 1021 507 1043 eo
547 1010 696 1052 consilio,
735 1013 771 1043 ut
804 1011 953 1054 ingentes
987 1010 1095 1044 leones
1134 1013 1288 1054 temptare
1322 1009 1500 1044 audeat?
1561 1009 1677 1043 Nonne
1714 1008 1796 1042 illud

221 1059 357 1093 ausim
381 1059 498 1103 ingens
525 1061 679 1101 quantum
706 1058 850 1093 otiatur?
900 1058 963 1092 Sed
988 1057 1035 1092 fac
1060 1061 1187 1103 poetam
1213 1058 1388 1103 elegantiae
1412 1058 1498 1103 leges
1524 1057 1674 1092 laesisse:
1700 1068 1796 1091 usum

221 1110 304 1141 certe
330 1107 453 1142 dicendi
479 1107 615 1142 latinum
642 1107 822 1152 neglexisse
848 1118 914 1141 non
941 1108 1102 1152 putandus
1129 1110 1188 1143 est.
1239 1106 1405 1150 Nusquam
1430 1107 1517 1142 enim
1543 1118 1560 1141 a
1585 1105 1796 1151 scriptoribus

221 1156 333 1190 latinis
360 1167 395 1190 ea
420 1155 535 1198 forma,
562 1167 641 1199 quae
667 1159 716 1190 est
741 1156 897 1199 ausim,
924 1156 1015 1190 aliter
1039 1159 1196 1201 usurpata
1217 1159 1278 1199 est,
1304 1167 1399 1199 quam
1419 1159 1473 1190 aut
1493 1167 1591 1190 sensu
1612 1154 1796 1200 potentiali,

222 1208 277 1239 aut
307 1205 343 1239 in
377 1205 423 1238 eis
456 1205 777 1251 interrogationibus,
811 1216 892 1249 quae
922 1208 1000 1239 sunt
1024 1205 1276 1251 indignantium.
1326 1204 1373 1240 Ne
1398 1216 1499 1239 unum
1533 1204 1660 1248 quidem
1692 1203 1797 1238 locum

222 1254 308 1288 inter
332 1254 503 1299 plurimos,
530 1265 611 1296 quos
638 1253 723 1288 Neue
749 1254 784 1287 in
810 1254 891 1288 libro
919 1265 990 1296 suo,
1024 1254 1079 1298 qui
1107 1257 1156 1288 est
1181 1255 1218 1288 de
1242 1254 1356 1288 formis
1391 1254 1520 1299 linguae
1546 1253 1666 1287 latinae
1691 1264 1797 1297 gram-

221 1303 360 1345 maticis,
386 1302 526 1348 collegit,
554 1302 750 1348 investigare
775 1303 855 1336 milii
881 1303 1029 1348 contigit,
1055 1314 1119 1346 quo
1146 1303 1227 1337 illud
1252 1302 1388 1336 ausim
1419 1302 1548 1336 finalem
1581 1312 1713 1335 sensum
1739 1300 1797 1334 ha-

221 1352 319 1386 beret.
370 1350 439 1394 Qua
465 1352 502 1385 de
529 1363 621 1386 eausa
646 1351 727 1385 mihi
753 1351 881 1394 quidem
917 1354 1042 1385 constat
1075 1352 1111 1385 in
1144 1363 1240 1386 versu
1266 1351 1323 1386 21.
1356 1351 1473 1385 vitium
1505 1351 1611 1387 latere.
1664 1349 1798 1384 Videtur

222 1403 326 1433 autem
354 1411 420 1433 non
446 1403 510 1433 tam
537 1400 691 1441 ausim,
719 1411 813 1442 quam
839 1403 883 1433 ut
909 1403 1093 1444 corruptum
1120 1411 1201 1442 esse,
1228 1400 1323 1442 idque
1349 1411 1386 1432 ex
1412 1402 1494 1434 aut.
1520 1399 1606 1443 Lege
1631 1399 1748 1443 igitur:

561 1447 635 1482 Non
661 1451 767 1482 tamen
794 1451 863 1483 aut
889 1451 999 1483 vastos
1025 1449 1128 1482 ausim
1154 1451 1310 1494 temptare
1337 1448 1445 1482 leones

609 1498 639 1532 A
649 1501 692 1532 ut
718 1497 798 1531 celer
823 1501 964 1542 agrestes
990 1497 1168 1532 comminus
1195 1498 1241 1531 ire
1267 1508 1352 1532 sues.

849 1578 916 1621 111,
944 1556 1001 1615 21').
1028 1578 1085 1614 23.
1113 1578 1170 1615 24.

343 1643 412 1677 Hoc
438 1643 507 1677 loco
534 1655 600 1677 non
628 1655 744 1678 novam
770 1644 940 1678 lectionem
966 1656 1198 1689 proponemus,
1230 1645 1286 1678 sed
1318 1644 1508 1689 scripturam
1535 1643 1650 1678 codicis
1672 1643 1797 1688 Neapo-

210 1693 327 1735 litani,
355 1703 447 1736 quem
475 1695 655 1736 sequuntur
680 1692 934 1738 Hamburgensis
970 1696 1000 1727 et
1024 1693 1309 1736 Helmstadiensis,
1343 1693 1382 1727 ad
1415 1692 1499 1727 hunc
1534 1693 1616 1727 diem
1647 1703 1749 1736 neque
1781 1704 1798 1726 a

221 1742 361 1775 librariis
385 1741 581 1784 reliquorum
607 1741 748 1776 codicum
775 1753 878 1785 neque
903 1743 940 1775 ab
966 1742 1140 1776 editoribus
1166 1745 1365 1787 perspectam
1391 1741 1607 1777 defendemus,

346 1789 387 1823 In
414 1790 481 1823 cod.
507 1789 546 1824 N.
575 1789 732 1834 (itemque
758 1791 794 1824 in
820 1790 883 1825 Hb.
911 1794 943 1823 et
967 1790 1125 1836 Helmst.)
1160 1791 1209 1824 bis
1236 1793 1320 1824 extat
1354 1802 1439 1824 non
1466 1801 1662 1833 unquam.
1713 1789 1800 1833 Quae

221 1838 327 1881 verba,
363 1850 432 1872 cum
468 1838 589 1872 iustum
623 1849 754 1872 sensum
786 1839 932 1884 praebere
966 1850 1033 1873 non
1060 1839 1259 1881 viderentur,
1294 1839 1330 1873 in
1356 1838 1492 1881 reliquis
1517 1838 1618 1877 codd„
1645 1849 1727 1882 quos
1751 1841 1800 1872 te—

221 1898 305 1920 mere
331 1888 432 1921 seeuti
458 1890 535 1920 sunt
561 1898 672 1920 omnes
700 1887 850 1928 editores,
876 1891 1024 1932 corrupta
1049 1891 1128 1921 sunt
1159 1888 1195 1921 in
1229 1899 1313 1921 non
1349 1898 1574 1930 nunquam.
1624 1887 1690 1921 Sed
1714 1888 1801 1921 inest

221 1946 338 1969 sensus
365 1935 507 1980 optimus
533 1935 737 1980 Neapolitani
763 1935 907 1977 lectioni,
933 1936 1026 1970 modo
1052 1947 1093 1969 ne
1119 1936 1265 1970 versibus
1292 1936 1349 1972 23.
1376 1935 1436 1971 24.
1472 1938 1572 1969 totam
1606 1935 1800 1969 sententiam

222 1983 379 2018 inclusam
406 1987 512 2029 putes,
540 1995 619 2019 neve
645 1984 679 2017 in
706 1984 770 2018 fine
796 1995 909 2019 versus
936 1984 993 2021 24.
1020 1987 1177 2029 punctum
1201 1996 1315 2030 ponas.
1367 1985 1459 2029 Quod
1491 1997 1561 2019 cum
1592 1984 1745 2019 fecissent
1771 1987 1798 2018 et

222 2032 344 2066 librarii
371 2036 401 2066 et
427 2033 579 2076 editores,
606 2044 682 2067 sane
708 2033 892 2077 intellegere
918 2045 986 2067 non
1010 2036 1188 2079 potuerunt
1218 2034 1313 2068 verba
1348 2045 1430 2068 non
1456 2044 1649 2077 unquam.
1701 2032 1802 2067 Error

222 2081 296 2115 inde
323 2084 413 2115 ortus
440 2086 500 2125 est,
527 2082 611 2124 quod
637 2082 788 2116 voeabula
813 2082 965 2116 mollis
992 2080 1022 2116 et
1046 2081 1063 2115 f
1070 2085 1164 2116 acta
1190 2082 1369 2128 praedicata
1394 2082 1584 2116 videbantur
1610 2093 1689 2116 esse.
1738 2081 1800 2115 Sed

222 2141 292 2163 cum
313 2130 426 2175 copula
452 2133 518 2163 est
537 2141 696 2173 nusquam
718 2130 914 2173 inveniatur,
936 2130 1020 2164 nihil
1042 2131 1160 2173 obstat,
1187 2131 1266 2175 quin
1287 2131 1369 2165 illud
1394 2131 1566 2173 ianuae,
1592 2130 1652 2169 hoc
1668 2130 1801 2174 copiae

222 2177 328 2212 lecti
356 2179 544 2213 attributum
571 2190 641 2213 esse
666 2181 826 2224 putemus.
876 2178 947 2212 Iam
973 2190 1040 2213 non
1066 2182 1187 2224 puncto
1214 2182 1291 2225 post
1316 2190 1444 2214 versum
1471 2178 1543 2221 24„
1569 2179 1624 2212 sed
1650 2181 1802 2213 commate

221 2226 331 2271 posito
367 2227 529 2261 artissime
562 2227 595 2262 hi
634 2239 747 2262 versus
786 2228 1027 2273 coniunguntur
1064 2239 1136 2262 cum
1174 2231 1327 2274 sequente
1365 2239 1399 2262 ac
1438 2228 1475 2262 de
1515 2228 1617 2262 tribus
1651 2227 1801 2262 subiectis
