2118 2698
1006 641 1058 704 Ι.

566 754 1020 818 Lucubrationes
1062 754 1497 835 Propertianae..

779 859 891 891 Scripsit
909 859 1078 885 Conradus
1097 859 1269 892 Rossberg.

234 957 449 1011 praefaturus
477 985 562 1009 eram
588 974 625 1008 de
651 973 902 1016 necessitudine,
930 985 1007 1018 quae
1028 973 1116 1008 inter
1136 973 1297 1019 Propertii
1323 973 1423 1007 libros
1449 973 1686 1019 manuscriptos
1713 973 1817 1008 inter-

235 1023 329 1065 cedit,
355 1034 426 1057 cum
452 1022 643 1057 Baehrensii
669 1023 800 1056 schedae
826 1022 1026 1056 Tibullianae
1049 1023 1086 1056 in
1113 1033 1227 1056 manus
1254 1034 1339 1056 meas
1366 1025 1538 1064 venerunt,
1564 1023 1600 1056 in
1627 1022 1742 1066 quibus
1765 1023 1817 1057 vir

236 1071 443 1111 doctissimus
470 1082 504 1105 se
530 1071 669 1105 codicem
694 1070 856 1116 Propertii
881 1069 1093 1116 Neapolitano
1126 1070 1204 1105 haut
1236 1070 1428 1105 dissimilem
1460 1070 1628 1105 invenisse
1654 1070 1732 1105 dicit
1754 1082 1816 1105 no-

235 1131 370 1163 vamque
405 1120 578 1153 editionem
614 1120 754 1154 criticam
788 1120 885 1154 huius
922 1122 1032 1164 poetae
1066 1119 1294 1154 instituturum
1326 1119 1499 1165 promittit.
1560 1119 1648 1163 Quae
1682 1130 1733 1154 res
1767 1130 1817 1154 me

236 1167 379 1210 adduxit,
415 1170 451 1201 ut
475 1167 513 1201 in
539 1179 691 1213 praesens
727 1179 744 1201 a
769 1167 937 1213 proposito
964 1168 1149 1202 desisterem
1174 1171 1206 1201 et
1232 1168 1460 1213 expectandum
1485 1171 1671 1211 statuerem,
1705 1167 1817 1211 ecquid

235 1217 381 1252 futurum
407 1219 504 1258 esset,
540 1219 576 1250 ut
607 1228 644 1250 ex
676 1216 767 1251 illius
799 1216 916 1251 codicis
948 1212 1117 1251 collatione
1151 1216 1266 1251 clarior
1301 1216 1453 1261 quaedam
1485 1216 1540 1251 lux
1574 1216 1816 1261 quaestionibus

236 1265 359 1299 nostris
386 1265 614 1301 affunderetur.
665 1265 746 1299 Nam
778 1266 814 1299 in
848 1265 1031 1310 regionibus
1066 1265 1147 1299 satis
1183 1266 1325 1300 obscuris
1358 1265 1451 1299 filum
1476 1265 1636 1300 Ariadnes
1668 1276 1817 1310 quaerere

237 1325 305 1356 cos,
332 1314 387 1357 qui
413 1314 449 1347 in
475 1313 609 1348 familiis
636 1314 790 1348 librorum
803 1313 1089 1358 Propertianorum
1114 1314 1350 1359 investigandis
1378 1325 1506 1359 operam
1532 1325 1623 1347 suam
1649 1313 1816 1355 collocent,

237 1374 305 1397 non
331 1363 360 1397 ei
394 1363 560 1408 ignorant,
597 1363 652 1408 qui
686 1362 737 1398 vel
771 1362 971 1397 mediocriter
1001 1363 1034 1396 in
1070 1373 1106 1396 eo
1139 1362 1244 1397 labore
1271 1363 1478 1400 desudarunt.
1529 1361 1691 1397 Differens
1717 1362 1818 1407 igitur

238 1412 443 1454 quaestiones
475 1411 549 1445 illas
581 1412 618 1446 in
653 1415 779 1457 tempus
812 1411 915 1456 magis
950 1414 1168 1456 opportunum
1193 1423 1291 1456 pauca
1317 1412 1519 1457 praemittam
1554 1412 1591 1445 de
1617 1414 1760 1457 tempore
1786 1413 1818 1444 et

237 1459 424 1494 condicione
451 1459 613 1506 archetypi
641 1460 795 1495 librorum
820 1460 994 1505 Propertii,
1019 1460 1117 1503 unde,
1153 1471 1247 1504 quam
1278 1460 1513 1494 miserabilibus
1541 1460 1671 1493 auxiliis
1697 1460 1732 1493 in
1758 1459 1818 1493 hoc

237 1511 331 1564 poeta
365 1509 558 1544 recensendo
593 1509 846 1555 suppeditemur,
878 1511 1087 1554 cognoscatur
1121 1512 1172 1564 et,
1209 1509 1324 1553 quibus
1359 1509 1539 1543 rationibus
1572 1508 1607 1542 in
1643 1508 1817 1543 tractandis

238 1558 306 1592 eius
332 1558 526 1591 carminibus
552 1570 631 1592 usus
657 1559 732 1599 sim,
758 1558 979 1603 perspiciatur.

360 1605 495 1640 Constat
522 1606 640 1641 litteris
657 1606 780 1641 Colucii
806 1606 944 1641 Salutati
971 1617 1054 1640 anno
1078 1606 1183 1643 1374.
1211 1607 1250 1641 ad
1269 1606 1444 1653 Gasparum
1470 1607 1507 1641 de
1528 1607 1720 1652 Broaspinis
1735 1606 1817 1640 datis

237 1656 272 1689 in
299 1655 463 1689 Petrarcae
498 1655 687 1690 bibliotheca
720 1659 789 1690 tum
822 1656 976 1700 temporis
1011 1657 1170 1702 exemplar
1195 1656 1357 1701 Propertii
1391 1657 1547 1691 extitisse.
1599 1655 1710 1690 Unum
1735 1655 1817 1689 illud

237 1704 274 1737 ab
292 1704 492 1748 ‘antiquitate
518 1704 557 1737 ad
583 1704 819 1738 renascentium
852 1704 1029 1738 litterarum
1063 1708 1198 1739 aetatem
1230 1705 1416 1749 pervenisse
1450 1708 1569 1739 certum
1597 1704 1725 1748 quidem
1750 1715 1819 1737 non

238 1756 299 1796 est,
327 1753 382 1786 sed
406 1753 474 1787 veri
501 1752 715 1789 simillimum.
767 1752 847 1787 Nam
873 1753 999 1787 somnia
1025 1764 1147 1795 eorum,
1174 1754 1229 1798 qui
1256 1753 1394 1788 codicem
1417 1753 1458 1790 Ν.
1485 1753 1610 1788 saeculo
1636 1752 1736 1789 XIII.
1764 1754 1820 1786 aut
1856 1773 1862 1776 -

237 1800 317 1836 XII.
337 1804 514 1840 ,exaratum
547 1812 617 1834 esse
651 1802 817 1846 putabant,
851 1814 866 1835 a
892 1801 931 1837 L.
959 1801 1096 1836 Miillero
1131 1803 1167 1836 in
1200 1802 1299 1847 praef.
1333 1803 1371 1836 ad
1404 1803 1549 1847 Propert.
1584 1815 1615 1847 p.
1644 1801 1704 1838 IX.
1739 1801 1819 1836 satis

238 1848 374 1883 feliciter
399 1848 479 1883 mihi
505 1849 599 1894 pulsa
624 1849 785 1886 videntur.
826 1850 926 1884 Docet
952 1853 1055 1884 autem
1072 1850 1144 1895 ipse
1164 1853 1269 1884 status
1294 1854 1324 1884 et
1345 1849 1446 1885 mirus
1467 1861 1644 1884 consensus
1664 1850 1820 1884 librorum

238 1901 425 1932 nostrorum
457 1897 664 1943 archetypum
697 1910 764 1932 non
791 1899 835 1932 ita
860 1898 1023 1933 difficilem
1055 1898 1158 1933 fuisse
1193 1899 1232 1933 ad
1258 1899 1438 1944 legendum.
1489 1899 1617 1933 Desunt
1643 1899 1729 1933 enim
1755 1897 1820 1932 fere

238 1946 273 1980 in
300 1946 392 1981 libris
419 1947 612 1989 nostris„si
638 1947 807 1982 nominum
833 1947 1036 1994 propriorum
1056 1947 1251 1993 scriptiones
1275 1949 1426 1994 excipias,
1453 1951 1598 1983 monstra
1623 1947 1680 1981 illa
1705 1947 1820 1982 verbo-

238 2007 322 2037 rum,
359 1995 474 2040 quibus
509 1995 647 2030 aliorum
686 1997 885 2040 quorundam
923 1996 1116 2041 scriptorum
1154 1997 1240 2038 libri,
1281 2009 1417 2040 quorum
1456 1997 1646 2042 archetypus
1686 1995 1820 2031 saeculis

238 2044 400 2089 prioribus
428 2045 651 2079 attribuendus
679 2048 739 2088 est,
766 2045 875 2079 referti
901 2048 988 2080 sunt.
1041 2044 1197 2079 Concludi
1222 2046 1299 2079 inde
1324 2050 1433 2091 potest
1459 2045 1617 2090 exemplar
1642 2045 1735 2088 illud,
1770 2044 1821 2078 cui

239 2104 350 2126 omnes
376 2092 450 2126 libri
475 2093 581 2126 nostri
608 2093 768 2139 originem
794 2094 919 2136 debent,
954 2105 1021 2127 non
1053 2094 1156 2127 multo
1191 2097 1265 2127 ante
1298 2095 1389 2140 ipsos
1424 2094 1671 2138 antiquissimos
1698 2093 1820 2128 codices

239 2144 370 2176 nostros
397 2141 553 2187 scriptum
579 2153 659 2178 esse.
699 2142 810 2177 Dicam
836 2142 921 2187 quod
946 2141 1063 2178 sentio.
1109 2142 1159 2176 Ex
1178 2141 1234 2176 illo
1260 2143 1431 2188 exemplari
1458 2143 1493 2177 in
1514 2142 1679 2177 Petrarcae
1704 2141 1820 2176 biblio-

239 2189 328 2238 theca
354 2193 531 2234 asservato,
560 2192 644 2235 quod
670 2192 760 2226 cuius
787 2192 899 2226 aetatis
925 2191 1022 2226 fuerit
1046 2203 1087 2225 ne
1113 2191 1266 2226 hariolari
1293 2191 1421 2236 quidem
1453 2191 1539 2235 licet,
1574 2191 1822 2236 transscriptum

240 2242 288 2273 est
314 2239 439 2274 circiter
464 2250 586 2274 annum
614 2239 718 2276 1400.
746 2252 847 2275 unum
873 2240 971 2283 aliud,
1007 2240 1091 2274 unde
1123 2240 1232 2285 paullo
1267 2243 1342 2286 post
1376 2241 1494 2286 partim
1526 2241 1589 2285 ipsi
1617 2240 1689 2274 libri
1715 2240 1822 2274 nostri
