<?xml version="1.0" encoding="UTF-8"?>
<!DOCTYPE html PUBLIC "-//W3C//DTD XHTML 1.0 Transitional//EN"
    "http://www.w3.org/TR/xhtml1/DTD/xhtml1-transitional.dtd">
<html xmlns="http://www.w3.org/1999/xhtml" xml:lang="en" lang="en">
 <head>
  <title>
</title>
<meta http-equiv="Content-Type" content="text/html;charset=utf-8" />
  <meta name='ocr-system' content='tesseract 3.04.00' />
  <meta name='ocr-capabilities' content='ocr_page ocr_carea ocr_par ocr_line ocrx_word'/>
</head>
<body>
  <div class='ocr_page' id='page_1' title='image "4765521_0037.png"; bbox 0 0 2118 2698; ppageno 0'>
   <div class='ocr_carea' id='block_1_1' title="bbox 0 0 267 52">
    <p class='ocr_par' dir='ltr' id='par_1_1' title="bbox 0 0 267 52">
     <span class='ocr_line' id='line_1_1' title="bbox 0 0 267 52; baseline 0 2646"><span class='ocrx_word' id='word_1_1' title='bbox 0 0 267 52; x_wconf 95' lang='lat' dir='ltr'> </span> 
     </span>
    </p>
   </div>
   <div class='ocr_carea' id='block_1_2' title="bbox 239 317 1853 1826">
    <p class='ocr_par' dir='ltr' id='par_1_2' title="bbox 239 317 1821 648">
     <span class='ocr_line' id='line_1_2' title="bbox 239 317 1821 367; baseline 0 -14"><span class='ocrx_word' id='word_1_2' title='bbox 239 318 300 353; x_wconf 85' lang='lat' dir='ltr'>sit</span> <span class='ocrx_word' id='word_1_3' title='bbox 325 317 436 367; x_wconf 78' lang='lat' dir='ltr'>fecerit</span> <span class='ocrx_word' id='word_1_4' title='bbox 461 318 615 354; x_wconf 87' lang='lat' dir='ltr'>nescit.</span> <span class='ocrx_word' id='word_1_5' title='bbox 667 319 753 363; x_wconf 76' lang='lat' dir='ltr'>Quae</span> <span class='ocrx_word' id='word_1_6' title='bbox 779 319 922 366; x_wconf 85' lang='lat' dir='ltr'>suspicio</span> <span class='ocrx_word' id='word_1_7' title='bbox 948 319 983 354; x_wconf 91' lang='lat' dir='ltr'>in</span> <span class='ocrx_word' id='word_1_8' title='bbox 1009 323 1173 366; x_wconf 83' lang='lat' dir='ltr'>perspecta</span> <span class='ocrx_word' id='word_1_9' title='bbox 1199 322 1231 354; x_wconf 88' lang='lat' dir='ltr'>et</span> <span class='ocrx_word' id='word_1_10' title='bbox 1256 321 1388 366; x_wconf 84' lang='lat' dir='ltr'>probata</span> <span class='ocrx_word' id='word_1_11' title='bbox 1421 319 1483 353; x_wconf 84' lang='lat' dir='ltr'>fide</span> <span class='ocrx_word' id='word_1_12' title='bbox 1508 319 1624 354; x_wconf 88' lang='lat' dir='ltr'>codicis</span> <span class='ocrx_word' id='word_1_13' title='bbox 1650 318 1690 354; x_wconf 88' lang='lat' dir='ltr'>N.</span> <span class='ocrx_word' id='word_1_14' title='bbox 1717 319 1821 353; x_wconf 86' lang='lat' dir='ltr'>locum</span> 
     </span>
     <span class='ocr_line' id='line_1_3' title="bbox 239 366 1821 413; baseline 0 -12"><span class='ocrx_word' id='word_1_15' title='bbox 239 366 332 401; x_wconf 78' lang='lat' dir='ltr'>habet</span> <span class='ocrx_word' id='word_1_16' title='bbox 358 367 495 401; x_wconf 87' lang='lat' dir='ltr'>nullum.</span> <span class='ocrx_word' id='word_1_17' title='bbox 548 367 616 401; x_wconf 91' lang='lat' dir='ltr'>lam</span> <span class='ocrx_word' id='word_1_18' title='bbox 641 378 717 402; x_wconf 86' lang='lat' dir='ltr'>vero</span> <span class='ocrx_word' id='word_1_19' title='bbox 744 369 920 411; x_wconf 82' lang='lat' dir='ltr'>quaeritur,</span> <span class='ocrx_word' id='word_1_20' title='bbox 957 368 1034 411; x_wconf 88' lang='lat' dir='ltr'>quid</span> <span class='ocrx_word' id='word_1_21' title='bbox 1068 369 1107 402; x_wconf 85' lang='lat' dir='ltr'>de</span> <span class='ocrx_word' id='word_1_22' title='bbox 1141 369 1244 413; x_wconf 89' lang='lat' dir='ltr'>primo</span> <span class='ocrx_word' id='word_1_23' title='bbox 1278 369 1342 402; x_wconf 90' lang='lat' dir='ltr'>isto</span> <span class='ocrx_word' id='word_1_24' title='bbox 1369 369 1465 402; x_wconf 85' lang='lat' dir='ltr'>verbo</span> <span class='ocrx_word' id='word_1_25' title='bbox 1491 367 1674 402; x_wconf 77' lang='lat' dir='ltr'>Hercule</span> <span class='ocrx_word' id='word_1_26' title='bbox 1699 367 1821 402; x_wconf 81' lang='lat' dir='ltr'>facien-</span> 
     </span>
     <span class='ocr_line' id='line_1_4' title="bbox 240 415 1820 462; baseline 0 -12"><span class='ocrx_word' id='word_1_27' title='bbox 240 415 314 450; x_wconf 90' lang='lat' dir='ltr'>dum</span> <span class='ocrx_word' id='word_1_28' title='bbox 341 418 530 452; x_wconf 76' lang='lat' dir='ltr'>statuamus.</span> <span class='ocrx_word' id='word_1_29' title='bbox 571 415 669 450; x_wconf 86' lang='lat' dir='ltr'>Laedi</span> <span class='ocrx_word' id='word_1_30' title='bbox 695 427 731 451; x_wconf 91' lang='lat' dir='ltr'>eo</span> <span class='ocrx_word' id='word_1_31' title='bbox 758 417 843 462; x_wconf 87' lang='lat' dir='ltr'>leges</span> <span class='ocrx_word' id='word_1_32' title='bbox 867 417 1015 452; x_wconf 89' lang='lat' dir='ltr'>metricas</span> <span class='ocrx_word' id='word_1_33' title='bbox 1041 428 1135 451; x_wconf 88' lang='lat' dir='ltr'>nemo</span> <span class='ocrx_word' id='word_1_34' title='bbox 1162 428 1229 451; x_wconf 90' lang='lat' dir='ltr'>non</span> <span class='ocrx_word' id='word_1_35' title='bbox 1256 417 1354 452; x_wconf 87' lang='lat' dir='ltr'>videt.</span> <span class='ocrx_word' id='word_1_36' title='bbox 1394 415 1537 450; x_wconf 84' lang='lat' dir='ltr'>Tollitur</span> <span class='ocrx_word' id='word_1_37' title='bbox 1561 418 1665 450; x_wconf 83' lang='lat' dir='ltr'>autem</span> <span class='ocrx_word' id='word_1_38' title='bbox 1691 416 1820 458; x_wconf 81' lang='lat' dir='ltr'>vitium,</span> 
     </span>
     <span class='ocr_line' id='line_1_5' title="bbox 240 464 1821 511; baseline 0.001 -14"><span class='ocrx_word' id='word_1_39' title='bbox 240 464 269 498; x_wconf 86' lang='lat' dir='ltr'>si</span> <span class='ocrx_word' id='word_1_40' title='bbox 294 464 390 498; x_wconf 89' lang='lat' dir='ltr'>eiecta</span> <span class='ocrx_word' id='word_1_41' title='bbox 416 475 435 499; x_wconf 89' lang='lat' dir='ltr'>u</span> <span class='ocrx_word' id='word_1_42' title='bbox 466 464 567 498; x_wconf 87' lang='lat' dir='ltr'>vocali</span> <span class='ocrx_word' id='word_1_43' title='bbox 593 464 728 499; x_wconf 86' lang='lat' dir='ltr'>formam</span> <span class='ocrx_word' id='word_1_44' title='bbox 766 468 974 511; x_wconf 85' lang='lat' dir='ltr'>syncopatam</span> <span class='ocrx_word' id='word_1_45' title='bbox 1001 465 1154 500; x_wconf 78' lang='lat' dir='ltr'>Hercle</span> <span class='ocrx_word' id='word_1_46' title='bbox 1180 466 1393 500; x_wconf 79' lang='lat' dir='ltr'>restituimus.</span> <span class='ocrx_word' id='word_1_47' title='bbox 1444 465 1531 499; x_wconf 82' lang='lat' dir='ltr'>Haec</span> <span class='ocrx_word' id='word_1_48' title='bbox 1556 464 1657 509; x_wconf 86' lang='lat' dir='ltr'>igitur</span> <span class='ocrx_word' id='word_1_49' title='bbox 1682 465 1821 510; x_wconf 78' lang='lat' dir='ltr'>genuina</span> 
     </span>
     <span class='ocr_line' id='line_1_6' title="bbox 239 512 899 559; baseline 0.003 -13"><span class='ocrx_word' id='word_1_50' title='bbox 239 513 341 559; x_wconf 84' lang='lat' dir='ltr'>totius</span> <span class='ocrx_word' id='word_1_51' title='bbox 368 512 498 547; x_wconf 78' lang='lat' dir='ltr'><strong>distichi</strong></span> <span class='ocrx_word' id='word_1_52' title='bbox 522 513 617 547; x_wconf 81' lang='lat' dir='ltr'>verba</span> <span class='ocrx_word' id='word_1_53' title='bbox 644 513 745 548; x_wconf 85' lang='lat' dir='ltr'>fuisse</span> <span class='ocrx_word' id='word_1_54' title='bbox 769 525 899 548; x_wconf 87' lang='lat' dir='ltr'>censeo:</span> 
     </span>
     <span class='ocr_line' id='line_1_7' title="bbox 532 562 1530 610; baseline 0 -14"><span class='ocrx_word' id='word_1_55' title='bbox 532 562 618 597; x_wconf 91' lang='lat' dir='ltr'>Haec</span> <span class='ocrx_word' id='word_1_56' title='bbox 644 562 733 610; x_wconf 87' lang='lat' dir='ltr'>(ara)</span> <span class='ocrx_word' id='word_1_57' title='bbox 760 563 863 598; x_wconf 88' lang='lat' dir='ltr'>nullis</span> <span class='ocrx_word' id='word_1_58' title='bbox 889 574 1029 608; x_wconf 86' lang='lat' dir='ltr'>unquam</span> <span class='ocrx_word' id='word_1_59' title='bbox 1055 566 1161 609; x_wconf 86' lang='lat' dir='ltr'>pateat</span> <span class='ocrx_word' id='word_1_60' title='bbox 1187 563 1367 597; x_wconf 82' lang='lat' dir='ltr'>veneranda</span> <span class='ocrx_word' id='word_1_61' title='bbox 1393 562 1530 609; x_wconf 85' lang='lat' dir='ltr'>puellis:</span> 
     </span>
     <span class='ocr_line' id='line_1_8' title="bbox 580 612 1334 648; baseline 0 -2"><span class='ocrx_word' id='word_1_62' title='bbox 580 612 709 648; x_wconf 87' lang='lat' dir='ltr'>Hercle!</span> <span class='ocrx_word' id='word_1_63' title='bbox 740 613 965 647; x_wconf 85' lang='lat' dir='ltr'>exterminium</span> <span class='ocrx_word' id='word_1_64' title='bbox 992 613 1093 647; x_wconf 89' lang='lat' dir='ltr'>nescit</span> <span class='ocrx_word' id='word_1_65' title='bbox 1118 612 1223 647; x_wconf 88' lang='lat' dir='ltr'>inulta</span> <span class='ocrx_word' id='word_1_66' title='bbox 1249 613 1334 647; x_wconf 84' lang='lat' dir='ltr'>sitis.</span> 
     </span>
    </p>

    <p class='ocr_par' dir='ltr' id='par_1_3' title="bbox 241 652 1853 1046">
     <span class='ocr_line' id='line_1_9' title="bbox 361 652 1823 705; baseline -0.001 -11"><span class='ocrx_word' id='word_1_67' title='bbox 361 661 505 704; x_wconf 79' lang='lat' dir='ltr'>Quorum</span> <span class='ocrx_word' id='word_1_68' title='bbox 531 661 692 694; x_wconf 88' lang='lat' dir='ltr'>sententia</span> <span class='ocrx_word' id='word_1_69' title='bbox 718 661 792 694; x_wconf 88' lang='lat' dir='ltr'>haec</span> <span class='ocrx_word' id='word_1_70' title='bbox 818 665 886 695; x_wconf 78' lang='lat' dir='ltr'>est:</span> <span class='ocrx_word' id='word_1_71' title='bbox 903 660 1019 704; x_wconf 83' lang='lat' dir='ltr'>&#39;„Non</span> <span class='ocrx_word' id='word_1_72' title='bbox 1051 661 1166 702; x_wconf 78' lang='lat' dir='ltr'>inulta,</span> <span class='ocrx_word' id='word_1_73' title='bbox 1201 652 1377 705; x_wconf 70' lang='lat' dir='ltr'>profecto„</span> <span class='ocrx_word' id='word_1_74' title='bbox 1396 661 1471 694; x_wconf 86' lang='lat' dir='ltr'>sitis</span> <span class='ocrx_word' id='word_1_75' title='bbox 1504 671 1539 693; x_wconf 89' lang='lat' dir='ltr'>se</span> <span class='ocrx_word' id='word_1_76' title='bbox 1573 660 1695 693; x_wconf 84' lang='lat' dir='ltr'>excludi</span> <span class='ocrx_word' id='word_1_77' title='bbox 1731 663 1758 692; x_wconf 86' lang='lat' dir='ltr'>et</span> <span class='ocrx_word' id='word_1_78' title='bbox 1786 661 1823 693; x_wconf 86' lang='lat' dir='ltr'>ab</span> 
     </span>
     <span class='ocr_line' id='line_1_10' title="bbox 241 708 1823 754; baseline -0.001 -11"><span class='ocrx_word' id='word_1_79' title='bbox 241 721 321 753; x_wconf 86' lang='lat' dir='ltr'>aqua</span> <span class='ocrx_word' id='word_1_80' title='bbox 357 708 521 754; x_wconf 81' lang='lat' dir='ltr'>prohiberi</span> <span class='ocrx_word' id='word_1_81' title='bbox 556 708 716 754; x_wconf 56' lang='lat' dir='ltr'>patiturf⁶</span> <span class='ocrx_word' id='word_1_82' title='bbox 775 709 895 744; x_wconf 82' lang='lat' dir='ltr'>Mirum</span> <span class='ocrx_word' id='word_1_83' title='bbox 929 709 1056 744; x_wconf 90' lang='lat' dir='ltr'>videtur</span> <span class='ocrx_word' id='word_1_84' title='bbox 1087 708 1236 753; x_wconf 72' lang='lat' dir='ltr'>fortasse,</span> <span class='ocrx_word' id='word_1_85' title='bbox 1273 710 1357 754; x_wconf 92' lang='lat' dir='ltr'>quod</span> <span class='ocrx_word' id='word_1_86' title='bbox 1384 708 1538 744; x_wconf 89' lang='lat' dir='ltr'>Hercules</span> <span class='ocrx_word' id='word_1_87' title='bbox 1565 708 1723 742; x_wconf 87' lang='lat' dir='ltr'>orationis</span> <span class='ocrx_word' id='word_1_88' title='bbox 1749 719 1823 742; x_wconf 87' lang='lat' dir='ltr'>suae</span> 
     </span>
     <span class='ocr_line' id='line_1_11' title="bbox 241 757 1822 804; baseline -0.001 -12"><span class='ocrx_word' id='word_1_89' title='bbox 241 758 476 792; x_wconf 88' lang='lat' dir='ltr'>confirmandae</span> <span class='ocrx_word' id='word_1_90' title='bbox 502 769 595 792; x_wconf 84' lang='lat' dir='ltr'>causa</span> <span class='ocrx_word' id='word_1_91' title='bbox 621 769 655 791; x_wconf 86' lang='lat' dir='ltr'>se</span> <span class='ocrx_word' id='word_1_92' title='bbox 681 758 788 804; x_wconf 90' lang='lat' dir='ltr'>ipsum</span> <span class='ocrx_word' id='word_1_93' title='bbox 815 759 907 802; x_wconf 82' lang='lat' dir='ltr'>quasi</span> <span class='ocrx_word' id='word_1_94' title='bbox 932 761 1046 792; x_wconf 87' lang='lat' dir='ltr'>testem</span> <span class='ocrx_word' id='word_1_95' title='bbox 1072 759 1157 793; x_wconf 89' lang='lat' dir='ltr'>citat.</span> <span class='ocrx_word' id='word_1_96' title='bbox 1197 759 1259 793; x_wconf 88' lang='lat' dir='ltr'>Sed</span> <span class='ocrx_word' id='word_1_97' title='bbox 1287 760 1315 793; x_wconf 89' lang='lat' dir='ltr'>si</span> <span class='ocrx_word' id='word_1_98' title='bbox 1335 759 1575 793; x_wconf 82' lang='lat' dir='ltr'>consideramus</span> <span class='ocrx_word' id='word_1_99' title='bbox 1603 757 1647 791; x_wconf 88' lang='lat' dir='ltr'>ita</span> <span class='ocrx_word' id='word_1_100' title='bbox 1671 757 1822 792; x_wconf 79' lang='lat' dir='ltr'>usitatam</span> 
     </span>
     <span class='ocr_line' id='line_1_12' title="bbox 241 805 1824 851; baseline -0.001 -12"><span class='ocrx_word' id='word_1_101' title='bbox 241 806 344 840; x_wconf 88' lang='lat' dir='ltr'>fuisse</span> <span class='ocrx_word' id='word_1_102' title='bbox 370 807 466 840; x_wconf 85' lang='lat' dir='ltr'>istam</span> <span class='ocrx_word' id='word_1_103' title='bbox 492 807 720 841; x_wconf 86' lang='lat' dir='ltr'>affirmationis</span> <span class='ocrx_word' id='word_1_104' title='bbox 746 806 916 841; x_wconf 85' lang='lat' dir='ltr'>formulam</span> <span class='ocrx_word' id='word_1_105' title='bbox 943 807 1026 851; x_wconf 81' lang='lat' dir='ltr'>apud</span> <span class='ocrx_word' id='word_1_106' title='bbox 1052 808 1141 841; x_wconf 86' lang='lat' dir='ltr'>viros</span> <span class='ocrx_word' id='word_1_107' title='bbox 1167 819 1330 849; x_wconf 76' lang='lat' dir='ltr'>romanos,</span> <span class='ocrx_word' id='word_1_108' title='bbox 1366 811 1404 840; x_wconf 89' lang='lat' dir='ltr'>ut</span> <span class='ocrx_word' id='word_1_109' title='bbox 1438 817 1556 840; x_wconf 83' lang='lat' dir='ltr'>nomen</span> <span class='ocrx_word' id='word_1_110' title='bbox 1584 806 1733 839; x_wconf 88' lang='lat' dir='ltr'>Herculis</span> <span class='ocrx_word' id='word_1_111' title='bbox 1759 805 1824 838; x_wconf 81' lang='lat' dir='ltr'>fere</span> 
     </span>
     <span class='ocr_line' id='line_1_13' title="bbox 243 853 1853 900; baseline -0.001 -12"><span class='ocrx_word' id='word_1_112' title='bbox 243 855 428 889; x_wconf 79' lang='lat' dir='ltr'>evanuisset</span> <span class='ocrx_word' id='word_1_113' title='bbox 453 866 556 899; x_wconf 88' lang='lat' dir='ltr'>neque</span> <span class='ocrx_word' id='word_1_114' title='bbox 583 854 616 888; x_wconf 91' lang='lat' dir='ltr'>in</span> <span class='ocrx_word' id='word_1_115' title='bbox 642 855 760 889; x_wconf 88' lang='lat' dir='ltr'>animis</span> <span class='ocrx_word' id='word_1_116' title='bbox 787 855 1018 890; x_wconf 87' lang='lat' dir='ltr'>affirmantium</span> <span class='ocrx_word' id='word_1_117' title='bbox 1044 855 1212 899; x_wconf 90' lang='lat' dir='ltr'>quicquam</span> <span class='ocrx_word' id='word_1_118' title='bbox 1247 856 1403 900; x_wconf 76' lang='lat' dir='ltr'>haereret,</span> <span class='ocrx_word' id='word_1_119' title='bbox 1438 854 1506 888; x_wconf 81' lang='lat' dir='ltr'>nisi</span> <span class='ocrx_word' id='word_1_120' title='bbox 1540 855 1591 889; x_wconf 86' lang='lat' dir='ltr'>vis</span> <span class='ocrx_word' id='word_1_121' title='bbox 1618 853 1823 892; x_wconf 78' lang='lat' dir='ltr'>affirmativa,</span> <span class='ocrx_word' id='word_1_122' title='bbox 1849 874 1853 878; x_wconf 89' lang='lat'>-</span> 
     </span>
     <span class='ocr_line' id='line_1_14' title="bbox 241 903 1824 948; baseline 0 -12"><span class='ocrx_word' id='word_1_123' title='bbox 241 903 332 937; x_wconf 82' lang='lat' dir='ltr'>facile</span> <span class='ocrx_word' id='word_1_124' title='bbox 359 904 562 948; x_wconf 79' lang='lat' dir='ltr'>ignoscemus</span> <span class='ocrx_word' id='word_1_125' title='bbox 589 907 712 948; x_wconf 71' lang='lat' dir='ltr'>poetae,</span> <span class='ocrx_word' id='word_1_126' title='bbox 750 905 835 948; x_wconf 90' lang='lat' dir='ltr'>quod</span> <span class='ocrx_word' id='word_1_127' title='bbox 862 904 980 938; x_wconf 83' lang='lat' dir='ltr'>oblitus</span> <span class='ocrx_word' id='word_1_128' title='bbox 1014 905 1094 947; x_wconf 71' lang='lat' dir='ltr'>eius,</span> <span class='ocrx_word' id='word_1_129' title='bbox 1130 916 1220 947; x_wconf 91' lang='lat' dir='ltr'>quem</span> <span class='ocrx_word' id='word_1_130' title='bbox 1248 905 1429 945; x_wconf 69' lang='lat' dir='ltr'>induxerat,</span> <span class='ocrx_word' id='word_1_131' title='bbox 1462 903 1632 937; x_wconf 86' lang='lat' dir='ltr'>Herculem</span> <span class='ocrx_word' id='word_1_132' title='bbox 1659 915 1693 936; x_wconf 85' lang='lat' dir='ltr'>se</span> <span class='ocrx_word' id='word_1_133' title='bbox 1718 903 1824 947; x_wconf 90' lang='lat' dir='ltr'>ipsum</span> 
     </span>
     <span class='ocr_line' id='line_1_15' title="bbox 243 951 1825 996; baseline -0.001 -11"><span class='ocrx_word' id='word_1_134' title='bbox 243 952 447 986; x_wconf 85' lang='lat' dir='ltr'>advocantem</span> <span class='ocrx_word' id='word_1_135' title='bbox 473 952 557 987; x_wconf 87' lang='lat' dir='ltr'>fecit.</span> <span class='ocrx_word' id='word_1_136' title='bbox 610 952 673 986; x_wconf 70' lang='lat' dir='ltr'>Nec</span> <span class='ocrx_word' id='word_1_137' title='bbox 699 964 774 986; x_wconf 91' lang='lat' dir='ltr'>vero</span> <span class='ocrx_word' id='word_1_138' title='bbox 803 953 955 987; x_wconf 88' lang='lat' dir='ltr'>Hercules</span> <span class='ocrx_word' id='word_1_139' title='bbox 982 953 1019 985; x_wconf 90' lang='lat' dir='ltr'>de</span> <span class='ocrx_word' id='word_1_140' title='bbox 1047 964 1105 986; x_wconf 90' lang='lat' dir='ltr'>sua</span> <span class='ocrx_word' id='word_1_141' title='bbox 1131 956 1254 986; x_wconf 89' lang='lat' dir='ltr'>tanturn</span> <span class='ocrx_word' id='word_1_142' title='bbox 1282 953 1338 986; x_wconf 83' lang='lat' dir='ltr'>siti</span> <span class='ocrx_word' id='word_1_143' title='bbox 1364 952 1522 996; x_wconf 72' lang='lat' dir='ltr'>loquitur,</span> <span class='ocrx_word' id='word_1_144' title='bbox 1550 952 1605 985; x_wconf 91' lang='lat' dir='ltr'>sed</span> <span class='ocrx_word' id='word_1_145' title='bbox 1631 951 1665 984; x_wconf 92' lang='lat' dir='ltr'>in</span> <span class='ocrx_word' id='word_1_146' title='bbox 1693 951 1825 984; x_wconf 85' lang='lat' dir='ltr'>univer-</span> 
     </span>
     <span class='ocr_line' id='line_1_16' title="bbox 244 998 1771 1046; baseline -0.001 -12"><span class='ocrx_word' id='word_1_147' title='bbox 244 1012 314 1034; x_wconf 86' lang='lat' dir='ltr'>sum</span> <span class='ocrx_word' id='word_1_148' title='bbox 343 1001 379 1035; x_wconf 90' lang='lat' dir='ltr'>de</span> <span class='ocrx_word' id='word_1_149' title='bbox 406 1001 462 1035; x_wconf 89' lang='lat' dir='ltr'>siti</span> <span class='ocrx_word' id='word_1_150' title='bbox 488 1000 594 1035; x_wconf 87' lang='lat' dir='ltr'>nullas</span> <span class='ocrx_word' id='word_1_151' title='bbox 621 1001 707 1046; x_wconf 90' lang='lat' dir='ltr'>leges</span> <span class='ocrx_word' id='word_1_152' title='bbox 735 1001 886 1045; x_wconf 92' lang='lat' dir='ltr'>nullaque</span> <span class='ocrx_word' id='word_1_153' title='bbox 912 1001 1011 1036; x_wconf 84' lang='lat' dir='ltr'>vetita</span> <span class='ocrx_word' id='word_1_154' title='bbox 1038 1004 1167 1036; x_wconf 86' lang='lat' dir='ltr'>curante</span> <span class='ocrx_word' id='word_1_155' title='bbox 1193 1001 1386 1035; x_wconf 86' lang='lat' dir='ltr'>sententiam</span> <span class='ocrx_word' id='word_1_156' title='bbox 1413 1011 1612 1035; x_wconf 87' lang='lat' dir='ltr'>communem</span> <span class='ocrx_word' id='word_1_157' title='bbox 1638 998 1771 1045; x_wconf 85' lang='lat' dir='ltr'>profert.</span> 
     </span>
    </p>

    <p class='ocr_par' dir='ltr' id='par_1_4' title="bbox 244 1049 1825 1241">
     <span class='ocr_line' id='line_1_17' title="bbox 366 1049 1825 1095; baseline -0.001 -11"><span class='ocrx_word' id='word_1_158' title='bbox 366 1050 451 1084; x_wconf 90' lang='lat' dir='ltr'>Dum</span> <span class='ocrx_word' id='word_1_159' title='bbox 483 1050 556 1083; x_wconf 88' lang='lat' dir='ltr'>haec</span> <span class='ocrx_word' id='word_1_160' title='bbox 592 1050 707 1090; x_wconf 76' lang='lat' dir='ltr'>scribo,</span> <span class='ocrx_word' id='word_1_161' title='bbox 744 1050 806 1084; x_wconf 88' lang='lat' dir='ltr'>alia</span> <span class='ocrx_word' id='word_1_162' title='bbox 841 1050 992 1095; x_wconf 87' lang='lat' dir='ltr'>cogitatio</span> <span class='ocrx_word' id='word_1_163' title='bbox 1028 1050 1063 1083; x_wconf 88' lang='lat' dir='ltr'>de</span> <span class='ocrx_word' id='word_1_164' title='bbox 1090 1050 1215 1094; x_wconf 85' lang='lat' dir='ltr'>origine</span> <span class='ocrx_word' id='word_1_165' title='bbox 1250 1050 1484 1094; x_wconf 81' lang='lat' dir='ltr'>discrepantiae</span> <span class='ocrx_word' id='word_1_166' title='bbox 1510 1049 1657 1083; x_wconf 87' lang='lat' dir='ltr'>lectionis</span> <span class='ocrx_word' id='word_1_167' title='bbox 1684 1049 1825 1082; x_wconf 88' lang='lat' dir='ltr'>animum</span> 
     </span>
     <span class='ocr_line' id='line_1_18' title="bbox 244 1097 1825 1143; baseline -0.002 -11"><span class='ocrx_word' id='word_1_168' title='bbox 244 1099 341 1140; x_wconf 76' lang='lat' dir='ltr'>subit,</span> <span class='ocrx_word' id='word_1_169' title='bbox 370 1110 464 1141; x_wconf 90' lang='lat' dir='ltr'>quam</span> <span class='ocrx_word' id='word_1_170' title='bbox 491 1098 628 1131; x_wconf 88' lang='lat' dir='ltr'>breviter</span> <span class='ocrx_word' id='word_1_171' title='bbox 662 1110 819 1143; x_wconf 81' lang='lat' dir='ltr'>exponere</span> <span class='ocrx_word' id='word_1_172' title='bbox 853 1098 956 1131; x_wconf 85' lang='lat' dir='ltr'>liceat.</span> <span class='ocrx_word' id='word_1_173' title='bbox 1008 1097 1160 1131; x_wconf 85' lang='lat' dir='ltr'>Fortasse</span> <span class='ocrx_word' id='word_1_174' title='bbox 1194 1099 1278 1131; x_wconf 89' lang='lat' dir='ltr'>enim</span> <span class='ocrx_word' id='word_1_175' title='bbox 1305 1098 1456 1131; x_wconf 87' lang='lat' dir='ltr'>Herculis</span> <span class='ocrx_word' id='word_1_176' title='bbox 1491 1108 1622 1139; x_wconf 73' lang='lat' dir='ltr'>nomen,</span> <span class='ocrx_word' id='word_1_177' title='bbox 1660 1097 1743 1140; x_wconf 90' lang='lat' dir='ltr'>quod</span> <span class='ocrx_word' id='word_1_178' title='bbox 1767 1108 1825 1129; x_wconf 80' lang='lat' dir='ltr'>va-</span> 
     </span>
     <span class='ocr_line' id='line_1_19' title="bbox 245 1145 1825 1192; baseline -0.002 -11"><span class='ocrx_word' id='word_1_179' title='bbox 245 1147 347 1181; x_wconf 86' lang='lat' dir='ltr'>riante</span> <span class='ocrx_word' id='word_1_180' title='bbox 374 1147 476 1181; x_wconf 84' lang='lat' dir='ltr'>forma</span> <span class='ocrx_word' id='word_1_181' title='bbox 511 1146 546 1180; x_wconf 90' lang='lat' dir='ltr'>in</span> <span class='ocrx_word' id='word_1_182' title='bbox 573 1150 708 1190; x_wconf 88' lang='lat' dir='ltr'>utroque</span> <span class='ocrx_word' id='word_1_183' title='bbox 744 1158 857 1192; x_wconf 86' lang='lat' dir='ltr'>genere</span> <span class='ocrx_word' id='word_1_184' title='bbox 891 1146 1032 1181; x_wconf 90' lang='lat' dir='ltr'>codicum</span> <span class='ocrx_word' id='word_1_185' title='bbox 1066 1146 1195 1192; x_wconf 68' lang='lat' dir='ltr'>legitur,</span> <span class='ocrx_word' id='word_1_186' title='bbox 1231 1147 1364 1180; x_wconf 88' lang='lat' dir='ltr'>omnino</span> <span class='ocrx_word' id='word_1_187' title='bbox 1393 1158 1460 1180; x_wconf 88' lang='lat' dir='ltr'>non</span> <span class='ocrx_word' id='word_1_188' title='bbox 1487 1145 1657 1191; x_wconf 84' lang='lat' dir='ltr'>Propertio</span> <span class='ocrx_word' id='word_1_189' title='bbox 1685 1145 1825 1186; x_wconf 69' lang='lat' dir='ltr'>debetur,</span> 
     </span>
     <span class='ocr_line' id='line_1_20' title="bbox 245 1195 1368 1241; baseline 0 -12"><span class='ocrx_word' id='word_1_190' title='bbox 245 1197 300 1229; x_wconf 83' lang='lat' dir='ltr'>sed</span> <span class='ocrx_word' id='word_1_191' title='bbox 327 1196 511 1241; x_wconf 84' lang='lat' dir='ltr'>glossatori.</span> <span class='ocrx_word' id='word_1_192' title='bbox 565 1195 676 1229; x_wconf 88' lang='lat' dir='ltr'>Conici</span> <span class='ocrx_word' id='word_1_193' title='bbox 704 1196 789 1229; x_wconf 90' lang='lat' dir='ltr'>enim</span> <span class='ocrx_word' id='word_1_194' title='bbox 815 1199 923 1241; x_wconf 86' lang='lat' dir='ltr'>potest</span> <span class='ocrx_word' id='word_1_195' title='bbox 950 1196 1155 1240; x_wconf 85' lang='lat' dir='ltr'>Propertium</span> <span class='ocrx_word' id='word_1_196' title='bbox 1182 1196 1368 1241; x_wconf 85' lang='lat' dir='ltr'>scripsisse:</span> 
     </span>
    </p>

    <p class='ocr_par' dir='ltr' id='par_1_5' title="bbox 246 1243 1831 1826">
     <span class='ocr_line' id='line_1_21' title="bbox 635 1243 1411 1279; baseline 0.001 -1"><span class='ocrx_word' id='word_1_197' title='bbox 635 1243 792 1278; x_wconf 74' lang='lat' dir='ltr'>Nostra</span> <span class='ocrx_word' id='word_1_198' title='bbox 818 1244 1042 1278; x_wconf 82' lang='lat' dir='ltr'>exterminium</span> <span class='ocrx_word' id='word_1_199' title='bbox 1068 1244 1170 1278; x_wconf 90' lang='lat' dir='ltr'>nescit</span> <span class='ocrx_word' id='word_1_200' title='bbox 1196 1244 1299 1279; x_wconf 87' lang='lat' dir='ltr'>inulta</span> <span class='ocrx_word' id='word_1_201' title='bbox 1325 1244 1411 1279; x_wconf 89' lang='lat' dir='ltr'>sitis.</span> 
     </span>
     <span class='ocr_line' id='line_1_22' title="bbox 246 1292 1827 1338; baseline -0.001 -11"><span class='ocrx_word' id='word_1_202' title='bbox 246 1293 371 1327; x_wconf 87' lang='lat' dir='ltr'>Horum</span> <span class='ocrx_word' id='word_1_203' title='bbox 397 1294 565 1327; x_wconf 88' lang='lat' dir='ltr'>verborum</span> <span class='ocrx_word' id='word_1_204' title='bbox 598 1292 716 1337; x_wconf 70' lang='lat' dir='ltr'>primo,</span> <span class='ocrx_word' id='word_1_205' title='bbox 751 1304 791 1326; x_wconf 90' lang='lat' dir='ltr'>ne</span> <span class='ocrx_word' id='word_1_206' title='bbox 824 1305 989 1338; x_wconf 87' lang='lat' dir='ltr'>perperam</span> <span class='ocrx_word' id='word_1_207' title='bbox 1026 1293 1274 1338; x_wconf 72' lang='lat' dir='ltr'>intellegeretur,</span> <span class='ocrx_word' id='word_1_208' title='bbox 1311 1293 1495 1336; x_wconf 85' lang='lat' dir='ltr'>nescioquis</span> <span class='ocrx_word' id='word_1_209' title='bbox 1529 1292 1678 1326; x_wconf 89' lang='lat' dir='ltr'>Herculis</span> <span class='ocrx_word' id='word_1_210' title='bbox 1711 1302 1827 1325; x_wconf 87' lang='lat' dir='ltr'>nomen</span> 
     </span>
     <span class='ocr_line' id='line_1_23' title="bbox 246 1340 1827 1388; baseline -0.001 -12"><span class='ocrx_word' id='word_1_211' title='bbox 246 1354 303 1387; x_wconf 90' lang='lat' dir='ltr'>pro</span> <span class='ocrx_word' id='word_1_212' title='bbox 338 1342 529 1388; x_wconf 84' lang='lat' dir='ltr'>glossemate</span> <span class='ocrx_word' id='word_1_213' title='bbox 563 1341 804 1387; x_wconf 64' lang='lat' dir='ltr'>superscripsit.</span> <span class='ocrx_word' id='word_1_214' title='bbox 840 1342 925 1386; x_wconf 90' lang='lat' dir='ltr'>quod</span> <span class='ocrx_word' id='word_1_215' title='bbox 959 1342 1126 1388; x_wconf 85' lang='lat' dir='ltr'>paullatim</span> <span class='ocrx_word' id='word_1_216' title='bbox 1161 1341 1313 1387; x_wconf 87' lang='lat' dir='ltr'>primario</span> <span class='ocrx_word' id='word_1_217' title='bbox 1348 1341 1502 1376; x_wconf 73' lang='lat' dir='ltr'>vocabulo</span> <span class='ocrx_word' id='word_1_218' title='bbox 1539 1344 1667 1375; x_wconf 86' lang='lat' dir='ltr'>extruso</span> <span class='ocrx_word' id='word_1_219' title='bbox 1694 1341 1729 1375; x_wconf 92' lang='lat' dir='ltr'>in</span> <span class='ocrx_word' id='word_1_220' title='bbox 1757 1340 1827 1386; x_wconf 88' lang='lat' dir='ltr'>ipso</span> 
     </span>
     <span class='ocr_line' id='line_1_24' title="bbox 246 1390 1828 1436; baseline -0.001 -11"><span class='ocrx_word' id='word_1_221' title='bbox 246 1395 333 1426; x_wconf 86' lang='lat' dir='ltr'>textu</span> <span class='ocrx_word' id='word_1_222' title='bbox 360 1391 489 1426; x_wconf 82' lang='lat' dir='ltr'>resedit.</span> <span class='ocrx_word' id='word_1_223' title='bbox 542 1391 627 1425; x_wconf 87' lang='lat' dir='ltr'>Hinc</span> <span class='ocrx_word' id='word_1_224' title='bbox 662 1391 723 1425; x_wconf 90' lang='lat' dir='ltr'>duo</span> <span class='ocrx_word' id='word_1_225' title='bbox 759 1403 873 1436; x_wconf 85' lang='lat' dir='ltr'>genera</span> <span class='ocrx_word' id='word_1_226' title='bbox 908 1392 1167 1425; x_wconf 82' lang='lat' dir='ltr'>emendationum</span> <span class='ocrx_word' id='word_1_227' title='bbox 1194 1394 1267 1425; x_wconf 88' lang='lat' dir='ltr'>nata</span> <span class='ocrx_word' id='word_1_228' title='bbox 1293 1394 1380 1426; x_wconf 82' lang='lat' dir='ltr'>sunt.</span> <span class='ocrx_word' id='word_1_229' title='bbox 1434 1391 1527 1425; x_wconf 82' lang='lat' dir='ltr'>Alter</span> <span class='ocrx_word' id='word_1_230' title='bbox 1554 1390 1640 1424; x_wconf 90' lang='lat' dir='ltr'>enim</span> <span class='ocrx_word' id='word_1_231' title='bbox 1667 1390 1828 1431; x_wconf 71' lang='lat' dir='ltr'>librarius,</span> 
     </span>
     <span class='ocr_line' id='line_1_25' title="bbox 247 1439 1829 1484; baseline -0.001 -11"><span class='ocrx_word' id='word_1_232' title='bbox 247 1441 300 1483; x_wconf 82' lang='lat' dir='ltr'>qui</span> <span class='ocrx_word' id='word_1_233' title='bbox 327 1440 419 1483; x_wconf 85' lang='lat' dir='ltr'>quasi</span> <span class='ocrx_word' id='word_1_234' title='bbox 446 1443 536 1484; x_wconf 86' lang='lat' dir='ltr'>pater</span> <span class='ocrx_word' id='word_1_235' title='bbox 562 1443 611 1473; x_wconf 90' lang='lat' dir='ltr'>est</span> <span class='ocrx_word' id='word_1_236' title='bbox 630 1439 833 1484; x_wconf 86' lang='lat' dir='ltr'>Groningani</span> <span class='ocrx_word' id='word_1_237' title='bbox 862 1440 978 1473; x_wconf 85' lang='lat' dir='ltr'>codicis</span> <span class='ocrx_word' id='word_1_238' title='bbox 1006 1443 1035 1473; x_wconf 91' lang='lat' dir='ltr'>et</span> <span class='ocrx_word' id='word_1_239' title='bbox 1054 1440 1253 1483; x_wconf 85' lang='lat' dir='ltr'>quorundam</span> <span class='ocrx_word' id='word_1_240' title='bbox 1273 1440 1422 1481; x_wconf 68' lang='lat' dir='ltr'>aliorum,</span> <span class='ocrx_word' id='word_1_241' title='bbox 1450 1451 1601 1473; x_wconf 84' lang='lat' dir='ltr'>numeros</span> <span class='ocrx_word' id='word_1_242' title='bbox 1630 1439 1733 1472; x_wconf 86' lang='lat' dir='ltr'>laesos</span> <span class='ocrx_word' id='word_1_243' title='bbox 1760 1449 1829 1471; x_wconf 89' lang='lat' dir='ltr'>esse</span> 
     </span>
     <span class='ocr_line' id='line_1_26' title="bbox 247 1486 1827 1533; baseline -0.001 -12"><span class='ocrx_word' id='word_1_244' title='bbox 247 1489 391 1522; x_wconf 88' lang='lat' dir='ltr'>sentiens</span> <span class='ocrx_word' id='word_1_245' title='bbox 425 1500 491 1521; x_wconf 90' lang='lat' dir='ltr'>non</span> <span class='ocrx_word' id='word_1_246' title='bbox 530 1488 601 1522; x_wconf 91' lang='lat' dir='ltr'>sine</span> <span class='ocrx_word' id='word_1_247' title='bbox 635 1488 742 1531; x_wconf 90' lang='lat' dir='ltr'>aliquo</span> <span class='ocrx_word' id='word_1_248' title='bbox 774 1488 899 1533; x_wconf 85' lang='lat' dir='ltr'>ingenii</span> <span class='ocrx_word' id='word_1_249' title='bbox 932 1489 1074 1522; x_wconf 82' lang='lat' dir='ltr'>acumine</span> <span class='ocrx_word' id='word_1_250' title='bbox 1107 1500 1166 1533; x_wconf 90' lang='lat' dir='ltr'>pro</span> <span class='ocrx_word' id='word_1_251' title='bbox 1206 1488 1511 1522; x_wconf 76' lang='lat' dir='ltr'>exterminium</span> <span class='ocrx_word' id='word_1_252' title='bbox 1545 1488 1687 1521; x_wconf 86' lang='lat' dir='ltr'>nescit</span> <span class='ocrx_word' id='word_1_253' title='bbox 1721 1486 1827 1532; x_wconf 83' lang='lat' dir='ltr'>posuit</span> 
     </span>
     <span class='ocr_line' id='line_1_27' title="bbox 247 1536 1829 1581; baseline -0.002 -10"><span class='ocrx_word' id='word_1_254' title='bbox 247 1538 390 1571; x_wconf 83' lang='lat' dir='ltr'>eximii</span> <span class='ocrx_word' id='word_1_255' title='bbox 417 1549 465 1570; x_wconf 86' lang='lat' dir='ltr'>ne</span> <span class='ocrx_word' id='word_1_256' title='bbox 492 1538 568 1578; x_wconf 68' lang='lat' dir='ltr'>sit,</span> <span class='ocrx_word' id='word_1_257' title='bbox 596 1549 666 1570; x_wconf 91' lang='lat' dir='ltr'>cum</span> <span class='ocrx_word' id='word_1_258' title='bbox 685 1537 776 1579; x_wconf 77' lang='lat' dir='ltr'>alter,</span> <span class='ocrx_word' id='word_1_259' title='bbox 803 1538 845 1579; x_wconf 88' lang='lat' dir='ltr'>is,</span> <span class='ocrx_word' id='word_1_260' title='bbox 865 1549 901 1571; x_wconf 82' lang='lat' dir='ltr'>ex</span> <span class='ocrx_word' id='word_1_261' title='bbox 921 1538 1011 1571; x_wconf 87' lang='lat' dir='ltr'>cuius</span> <span class='ocrx_word' id='word_1_262' title='bbox 1030 1538 1110 1571; x_wconf 92' lang='lat' dir='ltr'>libro</span> <span class='ocrx_word' id='word_1_263' title='bbox 1130 1536 1362 1581; x_wconf 83' lang='lat' dir='ltr'>Neapolitanus</span> <span class='ocrx_word' id='word_1_264' title='bbox 1381 1540 1409 1570; x_wconf 86' lang='lat' dir='ltr'>ct</span> <span class='ocrx_word' id='word_1_265' title='bbox 1432 1537 1688 1580; x_wconf 88' lang='lat' dir='ltr'>Hambnrgensis</span> <span class='ocrx_word' id='word_1_266' title='bbox 1709 1536 1829 1580; x_wconf 89' lang='lat' dir='ltr'>(inter-</span> 
     </span>
     <span class='ocr_line' id='line_1_28' title="bbox 247 1583 1830 1630; baseline -0.001 -12"><span class='ocrx_word' id='word_1_267' title='bbox 247 1586 428 1619; x_wconf 82' lang='lat' dir='ltr'>cedentibus</span> <span class='ocrx_word' id='word_1_268' title='bbox 464 1586 649 1628; x_wconf 88' lang='lat' dir='ltr'>nescioquot</span> <span class='ocrx_word' id='word_1_269' title='bbox 688 1585 937 1630; x_wconf 86' lang='lat' dir='ltr'>exemplaribus)</span> <span class='ocrx_word' id='word_1_270' title='bbox 973 1585 1146 1627; x_wconf 81' lang='lat' dir='ltr'>fluxerunt,</span> <span class='ocrx_word' id='word_1_271' title='bbox 1182 1586 1290 1619; x_wconf 85' lang='lat' dir='ltr'>minus</span> <span class='ocrx_word' id='word_1_272' title='bbox 1322 1585 1421 1618; x_wconf 88' lang='lat' dir='ltr'>audax</span> <span class='ocrx_word' id='word_1_273' title='bbox 1448 1585 1533 1619; x_wconf 91' lang='lat' dir='ltr'>nihil</span> <span class='ocrx_word' id='word_1_274' title='bbox 1565 1584 1631 1618; x_wconf 89' lang='lat' dir='ltr'>nisi</span> <span class='ocrx_word' id='word_1_275' title='bbox 1657 1583 1830 1617; x_wconf 84' lang='lat' dir='ltr'>clausulam</span> 
     </span>
     <span class='ocr_line' id='line_1_29' title="bbox 247 1632 1830 1679; baseline -0.001 -12"><span class='ocrx_word' id='word_1_276' title='bbox 247 1634 333 1668; x_wconf 85' lang='lat' dir='ltr'>verbi</span> <span class='ocrx_word' id='word_1_277' title='bbox 360 1633 566 1668; x_wconf 88' lang='lat' dir='ltr'>Herculis</span> <span class='ocrx_word' id='word_1_278' title='bbox 603 1637 752 1676; x_wconf 76' lang='lat' dir='ltr'>mutaret,</span> <span class='ocrx_word' id='word_1_279' title='bbox 788 1634 856 1668; x_wconf 88' lang='lat' dir='ltr'>sive</span> <span class='ocrx_word' id='word_1_280' title='bbox 889 1634 1008 1668; x_wconf 88' lang='lat' dir='ltr'>litteris</span> <span class='ocrx_word' id='word_1_281' title='bbox 1041 1634 1182 1679; x_wconf 84' lang='lat' dir='ltr'>paullum</span> <span class='ocrx_word' id='word_1_282' title='bbox 1218 1634 1393 1668; x_wconf 86' lang='lat' dir='ltr'>obscuratis</span> <span class='ocrx_word' id='word_1_283' title='bbox 1432 1634 1592 1679; x_wconf 72' lang='lat' dir='ltr'>deceptuS,</span> <span class='ocrx_word' id='word_1_284' title='bbox 1628 1633 1697 1667; x_wconf 80' lang='lat' dir='ltr'>sive</span> <span class='ocrx_word' id='word_1_285' title='bbox 1724 1632 1830 1675; x_wconf 88' lang='lat' dir='ltr'>aliqua</span> 
     </span>
     <span class='ocr_line' id='line_1_30' title="bbox 247 1683 1830 1728; baseline -0.002 -11"><span class='ocrx_word' id='word_1_286' title='bbox 247 1687 352 1717; x_wconf 89' lang='lat' dir='ltr'>tamen</span> <span class='ocrx_word' id='word_1_287' title='bbox 380 1695 416 1717; x_wconf 86' lang='lat' dir='ltr'>ex</span> <span class='ocrx_word' id='word_1_288' title='bbox 443 1686 532 1728; x_wconf 88' lang='lat' dir='ltr'>parte</span> <span class='ocrx_word' id='word_1_289' title='bbox 559 1683 808 1717; x_wconf 89' lang='lat' dir='ltr'>claudicantibus</span> <span class='ocrx_word' id='word_1_290' title='bbox 845 1683 987 1717; x_wconf 87' lang='lat' dir='ltr'>numeris</span> <span class='ocrx_word' id='word_1_291' title='bbox 1021 1683 1140 1717; x_wconf 86' lang='lat' dir='ltr'>auxilio</span> <span class='ocrx_word' id='word_1_292' title='bbox 1175 1687 1343 1718; x_wconf 86' lang='lat' dir='ltr'>venturus.</span> <span class='ocrx_word' id='word_1_293' title='bbox 1396 1684 1459 1717; x_wconf 87' lang='lat' dir='ltr'>Sed</span> <span class='ocrx_word' id='word_1_294' title='bbox 1495 1683 1569 1717; x_wconf 89' lang='lat' dir='ltr'>haec</span> <span class='ocrx_word' id='word_1_295' title='bbox 1595 1683 1715 1716; x_wconf 89' lang='lat' dir='ltr'>maiora</span> <span class='ocrx_word' id='word_1_296' title='bbox 1741 1684 1830 1723; x_wconf 76' lang='lat' dir='ltr'>sunt,</span> 
     </span>
     <span class='ocr_line' id='line_1_31' title="bbox 249 1731 1831 1777; baseline -0.001 -12"><span class='ocrx_word' id='word_1_297' title='bbox 249 1743 343 1775; x_wconf 90' lang='lat' dir='ltr'>quam</span> <span class='ocrx_word' id='word_1_298' title='bbox 371 1733 408 1765; x_wconf 89' lang='lat' dir='ltr'>de</span> <span class='ocrx_word' id='word_1_299' title='bbox 437 1732 552 1775; x_wconf 90' lang='lat' dir='ltr'>quibus</span> <span class='ocrx_word' id='word_1_300' title='bbox 579 1735 698 1765; x_wconf 89' lang='lat' dir='ltr'>certum</span> <span class='ocrx_word' id='word_1_301' title='bbox 725 1732 878 1766; x_wconf 91' lang='lat' dir='ltr'>iudicium</span> <span class='ocrx_word' id='word_1_302' title='bbox 903 1732 1004 1766; x_wconf 87' lang='lat' dir='ltr'>facere</span> <span class='ocrx_word' id='word_1_303' title='bbox 1031 1732 1216 1777; x_wconf 78' lang='lat' dir='ltr'>possimus3</span> <span class='ocrx_word' id='word_1_304' title='bbox 1244 1733 1323 1766; x_wconf 83' lang='lat' dir='ltr'>satis</span> <span class='ocrx_word' id='word_1_305' title='bbox 1348 1732 1450 1776; x_wconf 86' lang='lat' dir='ltr'>igitur</span> <span class='ocrx_word' id='word_1_306' title='bbox 1476 1732 1625 1766; x_wconf 90' lang='lat' dir='ltr'>habemus</span> <span class='ocrx_word' id='word_1_307' title='bbox 1652 1731 1831 1764; x_wconf 87' lang='lat' dir='ltr'>doctiorum</span> 
     </span>
     <span class='ocr_line' id='line_1_32' title="bbox 248 1778 1831 1826; baseline -0.001 -11"><span class='ocrx_word' id='word_1_308' title='bbox 248 1781 415 1815; x_wconf 89' lang='lat' dir='ltr'>hominum</span> <span class='ocrx_word' id='word_1_309' title='bbox 443 1784 471 1814; x_wconf 84' lang='lat' dir='ltr'>et</span> <span class='ocrx_word' id='word_1_310' title='bbox 498 1780 755 1826; x_wconf 84' lang='lat' dir='ltr'>ingeniosiorum</span> <span class='ocrx_word' id='word_1_311' title='bbox 783 1781 891 1820; x_wconf 87' lang='lat' dir='ltr'>oculos</span> <span class='ocrx_word' id='word_1_312' title='bbox 918 1782 954 1815; x_wconf 91' lang='lat' dir='ltr'>in</span> <span class='ocrx_word' id='word_1_313' title='bbox 982 1781 1061 1815; x_wconf 85' lang='lat' dir='ltr'>hanc</span> <span class='ocrx_word' id='word_1_314' title='bbox 1086 1792 1153 1815; x_wconf 89' lang='lat' dir='ltr'>rem</span> <span class='ocrx_word' id='word_1_315' title='bbox 1180 1781 1347 1826; x_wconf 88' lang='lat' dir='ltr'>spinosam</span> <span class='ocrx_word' id='word_1_316' title='bbox 1385 1784 1415 1814; x_wconf 92' lang='lat' dir='ltr'>et</span> <span class='ocrx_word' id='word_1_317' title='bbox 1441 1781 1596 1815; x_wconf 88' lang='lat' dir='ltr'>nodosam</span> <span class='ocrx_word' id='word_1_318' title='bbox 1623 1778 1831 1814; x_wconf 84' lang='lat' dir='ltr'>convertisse.</span> 
     </span>
    </p>
   </div>
   <div class='ocr_carea' id='block_1_3' title="bbox 928 1861 1140 1904">
    <p class='ocr_par' dir='ltr' id='par_1_6' title="bbox 928 1861 1140 1904">
     <span class='ocr_line' id='line_1_33' title="bbox 928 1861 1140 1904; baseline 0.009 -9"><span class='ocrx_word' id='word_1_319' title='bbox 928 1862 969 1904; x_wconf 77' lang='lat' dir='ltr'>v,</span> <span class='ocrx_word' id='word_1_320' title='bbox 999 1863 1055 1904; x_wconf 49' lang='lat'>113</span> <span class='ocrx_word' id='word_1_321' title='bbox 1083 1861 1140 1898; x_wconf 79' lang='lat'>24.</span> 
     </span>
    </p>
   </div>
   <div class='ocr_carea' id='block_1_4' title="bbox 371 1926 1834 2020">
    <p class='ocr_par' dir='ltr' id='par_1_7' title="bbox 371 1926 1834 2020">
     <span class='ocr_line' id='line_1_34' title="bbox 371 1926 1834 1971; baseline -0.001 -10"><span class='ocrx_word' id='word_1_322' title='bbox 371 1927 433 1961; x_wconf 89' lang='lat' dir='ltr'>Hic</span> <span class='ocrx_word' id='word_1_323' title='bbox 458 1938 571 1961; x_wconf 86' lang='lat' dir='ltr'>versus</span> <span class='ocrx_word' id='word_1_324' title='bbox 599 1927 633 1960; x_wconf 87' lang='lat' dir='ltr'>in</span> <span class='ocrx_word' id='word_1_325' title='bbox 660 1926 752 1960; x_wconf 90' lang='lat' dir='ltr'>libris</span> <span class='ocrx_word' id='word_1_326' title='bbox 778 1927 1009 1971; x_wconf 86' lang='lat' dir='ltr'>manuscriptis</span> <span class='ocrx_word' id='word_1_327' title='bbox 1037 1930 1067 1960; x_wconf 90' lang='lat' dir='ltr'>et</span> <span class='ocrx_word' id='word_1_328' title='bbox 1093 1927 1128 1960; x_wconf 93' lang='lat' dir='ltr'>in</span> <span class='ocrx_word' id='word_1_329' title='bbox 1155 1926 1386 1961; x_wconf 87' lang='lat' dir='ltr'>vetustioribus</span> <span class='ocrx_word' id='word_1_330' title='bbox 1404 1927 1600 1960; x_wconf 85' lang='lat' dir='ltr'>editionibus</span> <span class='ocrx_word' id='word_1_331' title='bbox 1627 1927 1671 1960; x_wconf 87' lang='lat' dir='ltr'>sic</span> <span class='ocrx_word' id='word_1_332' title='bbox 1698 1926 1834 1971; x_wconf 87' lang='lat' dir='ltr'>legitur:</span> 
     </span>
     <span class='ocr_line' id='line_1_35' title="bbox 718 1974 1673 2020; baseline 0.001 -12"><span class='ocrx_word' id='word_1_333' title='bbox 718 1974 830 2008; x_wconf 82' lang='lat' dir='ltr'>Fallax</span> <span class='ocrx_word' id='word_1_334' title='bbox 857 1974 1012 2008; x_wconf 88' lang='lat' dir='ltr'>Tantaleo</span> <span class='ocrx_word' id='word_1_335' title='bbox 1039 1976 1212 2020; x_wconf 88' lang='lat' dir='ltr'>corripiare</span> <span class='ocrx_word' id='word_1_336' title='bbox 1238 1975 1355 2018; x_wconf 90' lang='lat' dir='ltr'>liquor.</span> <span class='ocrx_word' id='word_1_337' title='bbox 1672 1976 1673 1981; x_wconf 75' lang='grc'>’</span> 
     </span>
    </p>
   </div>
   <div class='ocr_carea' id='block_1_5' title="bbox 250 2022 1836 2312">
    <p class='ocr_par' dir='ltr' id='par_1_8' title="bbox 250 2022 1836 2263">
     <span class='ocr_line' id='line_1_36' title="bbox 372 2022 1833 2069; baseline -0.001 -12"><span class='ocrx_word' id='word_1_338' title='bbox 372 2023 503 2057; x_wconf 85' lang='lat' dir='ltr'>Tradita</span> <span class='ocrx_word' id='word_1_339' title='bbox 538 2024 632 2057; x_wconf 74' lang='lat' dir='ltr'>verba</span> <span class='ocrx_word' id='word_1_340' title='bbox 667 2024 722 2067; x_wconf 89' lang='lat' dir='ltr'>qui</span> <span class='ocrx_word' id='word_1_341' title='bbox 757 2022 924 2057; x_wconf 83' lang='lat' dir='ltr'>defendere</span> <span class='ocrx_word' id='word_1_342' title='bbox 960 2023 1103 2066; x_wconf 80' lang='lat' dir='ltr'>student,</span> <span class='ocrx_word' id='word_1_343' title='bbox 1141 2026 1177 2057; x_wconf 90' lang='lat' dir='ltr'>ut</span> <span class='ocrx_word' id='word_1_344' title='bbox 1212 2023 1441 2069; x_wconf 74' lang='lat' dir='ltr'>Hertzbergus,</span> <span class='ocrx_word' id='word_1_345' title='bbox 1482 2023 1661 2068; x_wconf 83' lang='lat' dir='ltr'>longiorem</span> <span class='ocrx_word' id='word_1_346' title='bbox 1699 2023 1833 2057; x_wconf 87' lang='lat' dir='ltr'>formam</span> 
     </span>
     <span class='ocr_line' id='line_1_37' title="bbox 250 2071 1832 2115; baseline 0.001 -10"><span class='ocrx_word' id='word_1_347' title='bbox 250 2072 396 2106; x_wconf 88' lang='lat' dir='ltr'>nominis</span> <span class='ocrx_word' id='word_1_348' title='bbox 423 2071 553 2105; x_wconf 89' lang='lat' dir='ltr'>Tantali</span> <span class='ocrx_word' id='word_1_349' title='bbox 580 2075 758 2106; x_wconf 85' lang='lat' dir='ltr'>statuentes</span> <span class='ocrx_word' id='word_1_350' title='bbox 791 2071 1003 2105; x_wconf 89' lang='lat' dir='ltr'>Tantaleo</span> <span class='ocrx_word' id='word_1_351' title='bbox 1039 2072 1121 2105; x_wconf 89' lang='lat' dir='ltr'>idem</span> <span class='ocrx_word' id='word_1_352' title='bbox 1153 2072 1259 2106; x_wconf 84' lang='lat' dir='ltr'>valere</span> <span class='ocrx_word' id='word_1_353' title='bbox 1285 2072 1493 2115; x_wconf 74' lang='lat' dir='ltr'>arbitrantur,</span> <span class='ocrx_word' id='word_1_354' title='bbox 1528 2073 1612 2115; x_wconf 92' lang='lat' dir='ltr'>quod</span> <span class='ocrx_word' id='word_1_355' title='bbox 1639 2072 1832 2107; x_wconf 86' lang='lat' dir='ltr'>Tantalo.</span> 
     </span>
     <span class='ocr_line' id='line_1_38' title="bbox 252 2119 1836 2166; baseline -0.001 -11"><span class='ocrx_word' id='word_1_356' title='bbox 252 2121 351 2161; x_wconf 83' lang='lat' dir='ltr'>Recte</span> <span class='ocrx_word' id='word_1_357' title='bbox 378 2123 483 2154; x_wconf 88' lang='lat' dir='ltr'>autem</span> <span class='ocrx_word' id='word_1_358' title='bbox 508 2119 736 2155; x_wconf 88' lang='lat' dir='ltr'>Lachmannns</span> <span class='ocrx_word' id='word_1_359' title='bbox 771 2120 805 2154; x_wconf 93' lang='lat' dir='ltr'>in</span> <span class='ocrx_word' id='word_1_360' title='bbox 840 2120 914 2156; x_wconf 88' lang='lat' dir='ltr'>edit.</span> <span class='ocrx_word' id='word_1_361' title='bbox 950 2119 1043 2166; x_wconf 92' lang='lat' dir='ltr'>Lips.</span> <span class='ocrx_word' id='word_1_362' title='bbox 1072 2120 1216 2166; x_wconf 84' lang='lat'>(1816.)</span> <span class='ocrx_word' id='word_1_363' title='bbox 1253 2120 1329 2154; x_wconf 91' lang='lat' dir='ltr'>dicit</span> <span class='ocrx_word' id='word_1_364' title='bbox 1364 2132 1467 2164; x_wconf 91' lang='lat' dir='ltr'>neque</span> <span class='ocrx_word' id='word_1_365' title='bbox 1501 2121 1562 2154; x_wconf 91' lang='lat' dir='ltr'>sibi</span> <span class='ocrx_word' id='word_1_366' title='bbox 1596 2132 1699 2164; x_wconf 90' lang='lat' dir='ltr'>neque</span> <span class='ocrx_word' id='word_1_367' title='bbox 1725 2121 1836 2154; x_wconf 87' lang='lat' dir='ltr'>ceteris</span> 
     </span>
     <span class='ocr_line' id='line_1_39' title="bbox 252 2169 1836 2215; baseline 0 -12"><span class='ocrx_word' id='word_1_368' title='bbox 252 2169 483 2215; x_wconf 87' lang='lat' dir='ltr'>interpretibus</span> <span class='ocrx_word' id='word_1_369' title='bbox 511 2169 750 2204; x_wconf 89' lang='lat' dir='ltr'>Tantaleus</span> <span class='ocrx_word' id='word_1_370' title='bbox 786 2181 844 2215; x_wconf 89' lang='lat' dir='ltr'>pro</span> <span class='ocrx_word' id='word_1_371' title='bbox 880 2169 1017 2204; x_wconf 90' lang='lat' dir='ltr'>Tantalo</span> <span class='ocrx_word' id='word_1_372' title='bbox 1049 2169 1165 2204; x_wconf 88' lang='lat' dir='ltr'>lectum</span> <span class='ocrx_word' id='word_1_373' title='bbox 1199 2182 1278 2205; x_wconf 89' lang='lat' dir='ltr'>esse.</span> <span class='ocrx_word' id='word_1_374' title='bbox 1335 2169 1435 2204; x_wconf 91' lang='lat' dir='ltr'>Addit</span> <span class='ocrx_word' id='word_1_375' title='bbox 1469 2182 1503 2204; x_wconf 88' lang='lat' dir='ltr'>se</span> <span class='ocrx_word' id='word_1_376' title='bbox 1536 2170 1688 2205; x_wconf 87' lang='lat' dir='ltr'>assentiri</span> <span class='ocrx_word' id='word_1_377' title='bbox 1714 2169 1836 2204; x_wconf 88' lang='lat' dir='ltr'>Aurato</span> 
     </span>
     <span class='ocr_line' id='line_1_40' title="bbox 252 2218 1110 2263; baseline 0.005 -12"><span class='ocrx_word' id='word_1_378' title='bbox 252 2221 283 2251; x_wconf 84' lang='lat' dir='ltr'>et</span> <span class='ocrx_word' id='word_1_379' title='bbox 309 2219 450 2253; x_wconf 88' lang='lat' dir='ltr'>Heinsio</span> <span class='ocrx_word' id='word_1_380' title='bbox 478 2218 729 2263; x_wconf 85' lang='lat' dir='ltr'>corrigentibus:</span> <span class='ocrx_word' id='word_1_381' title='bbox 1107 2252 1110 2255; x_wconf 89' lang='lat'>.</span> 
     </span>
    </p>

    <p class='ocr_par' dir='ltr' id='par_1_9' title="bbox 641 2266 1436 2312">
     <span class='ocr_line' id='line_1_41' title="bbox 641 2266 1436 2312; baseline 0.001 -11"><span class='ocrx_word' id='word_1_382' title='bbox 641 2266 753 2301; x_wconf 86' lang='lat' dir='ltr'>Fallax</span> <span class='ocrx_word' id='word_1_383' title='bbox 780 2267 935 2302; x_wconf 87' lang='lat' dir='ltr'>Tantaleo</span> <span class='ocrx_word' id='word_1_384' title='bbox 963 2267 1192 2312; x_wconf 88' lang='lat' dir='ltr'>corripere</span> <span class='ocrx_word' id='word_1_385' title='bbox 1225 2278 1293 2301; x_wconf 87' lang='lat' dir='ltr'>ore</span> <span class='ocrx_word' id='word_1_386' title='bbox 1320 2267 1436 2311; x_wconf 89' lang='lat' dir='ltr'>liquor.</span> 
     </span>
    </p>
   </div>
   <div class='ocr_carea' id='block_1_6' title="bbox 2063 0 2118 107">
    <p class='ocr_par' dir='ltr' id='par_1_10' title="bbox 2063 0 2118 107">
     <span class='ocr_line' id='line_1_42' title="bbox 2063 0 2118 107; baseline 0 2591"><span class='ocrx_word' id='word_1_387' title='bbox 2063 0 2118 107; x_wconf 95' lang='lat' dir='ltr'> </span> 
     </span>
    </p>
   </div>
  </div>
 </body>
</html>
