2118 2698
1048 180 1087 210 26

270 277 501 311 detrimentum
528 276 613 312 fecit.
649 277 777 311 Excidit
796 278 895 318 enim,
922 277 1008 320 quod
1034 288 1131 311 manu
1158 277 1352 323 prehendere
1377 277 1499 322 possis,
1526 277 1633 312 littera
1659 283 1682 321 t,
1710 288 1773 321 qua
1799 288 1859 311 suo

271 326 340 359 1000
366 325 490 359 reddita
517 325 555 359 fit
580 324 739 363 fautor.
791 324 968 359 Profitetur
992 326 1094 371 igitur
1121 326 1331 368 Vertumnus,
1367 325 1397 359 si
1434 325 1647 361 harundinem
1673 326 1860 371 sumpserit,

271 386 306 407 se
332 374 426 407 deum
452 373 611 408 fautorem
637 375 707 407 sive
733 377 905 418 patronum
931 385 1107 418 aucupum:
1145 374 1177 407 id
1212 374 1296 417 quod
1322 374 1394 407 sine
1426 374 1521 408 dubio
1547 375 1586 408 ad
1612 378 1733 408 textum
1759 374 1861 419 magis

273 421 459 463 conveniat,
496 433 591 466 quam
616 421 723 455 Fauni
757 432 907 466 persona.
958 420 998 454 In
1035 422 1142 456 dativo
1176 425 1281 455 autem
1313 433 1386 455 casu
1422 421 1860 467 (plumosoeaucupio)

274 470 335 504 etsi
362 470 450 504 nihil
478 473 539 511 est,
567 470 653 513 quod
680 470 837 511 offendas,
871 473 991 509 tamen,
1026 471 1054 503 si
1081 469 1220 511 dubitas,
1253 469 1374 512 confer,
1410 481 1540 513 quaeso,
1577 470 1641 506 Cic.
1667 482 1726 516 pro
1752 470 1860 504 Plane.

272 519 314 558 I,
333 520 370 552 1:
400 518 507 559 „Cum
523 544 531 551 .
547 545 555 553 .
572 545 579 553 .
596 546 603 553 .
632 521 697 551 tam
724 518 844 552 multos
872 521 903 551 et
930 519 1031 556 bonos
1058 519 1147 552 viros
1174 519 1243 552 eius
1270 518 1386 552 honori
1413 518 1553 552 viderem
1585 529 1656 552 esse
1682 519 1862 559 fautores“,

272 567 413 611 itemque
442 566 562 600 Lucilii
588 567 702 601 verba:
732 566 928 609 „favitorem
956 577 1006 599 me
1032 566 1102 608 tibi,
1130 567 1276 603 amicum,
1304 569 1476 600 amatorem
1503 570 1635 611 putes.“

936 647 977 690 V,
1005 648 1039 690 3,
1067 647 1124 683 33.
1153 648 1209 683 34.

400 713 499 747 Verba
528 713 624 747 huius
653 712 782 746 distichi
810 713 844 746 in
873 713 963 747 libris
993 713 1107 747 tradita
1135 716 1211 747 sunt
1238 713 1322 746 hunc
1348 712 1383 746 in
1410 713 1557 746 modum:

544 761 756 796 Noctibus
784 761 987 796 hibernis
1015 762 1261 796 castrensia
1287 773 1419 805 pensa
1445 761 1589 795 laboro

593 810 644 843 Et
672 809 803 852 Tyria
830 810 872 843 in
900 810 1072 854 gladios
1099 810 1264 844 vellera
1290 813 1405 842 secta
1432 821 1543 844 suos.

398 859 485 902 Quae
512 870 582 891 cum
609 857 755 902 intellegi
782 869 849 891 non
876 862 1024 902 possent,
1052 858 1114 890 iam
1142 871 1157 891 a
1184 858 1344 902 prioribus
1363 857 1523 902 Propertii
1552 858 1782 902 interpretibus
1806 869 1863 902 pro

276 920 326 950 eo,
355 907 441 951 quod
469 910 516 940 est
544 906 737 951 gladios,
765 918 780 939 e
807 906 987 940 coniectura
1015 905 1171 940 Italorum
1206 907 1239 939 in
1274 909 1396 939 textum
1431 909 1590 951 receptum
1622 909 1671 940 est
1706 906 1863 941 radios.

274 957 360 990 Haec
387 956 570 989 coniectura
597 955 642 988 ita
669 955 779 989 arrisit
806 955 996 996 editoribus,
1023 958 1057 989 ut
1082 954 1177 988 hodie
1203 955 1296 988 etiam
1324 954 1357 987 in
1383 955 1532 988 omnibus
1559 955 1754 988 editionibus
1772 955 1864 989 obvia

275 1006 330 1039 sit.
382 1004 495 1038 Minus
531 1003 637 1036 fausta
671 1002 802 1036 fortuna
838 1002 1053 1044 Broukhusii,
1087 1003 1143 1046 qui
1177 1003 1271 1036 etiam
1305 1006 1420 1036 secta
1454 1004 1488 1036 in
1523 1003 1645 1036 dueta
1677 1003 1865 1036 mutandum

275 1065 345 1087 esse
377 1052 519 1098 putavit,
556 1053 736 1086 coniectura
769 1063 828 1085 usa
859 1055 918 1093 est,
953 1063 1023 1085 cum
1056 1051 1132 1085 inde
1166 1064 1181 1084 a
1213 1050 1420 1085 Lachmanno
1455 1051 1650 1085 editionibus
1685 1051 1778 1097 pulsa
1809 1051 1863 1087 sit.

274 1101 518 1135 Pentametrum
545 1101 591 1133 sic
625 1102 828 1134 immutatum
854 1101 917 1134 viri
946 1101 1029 1134 (10011
1057 1101 1093 1133 de
1120 1100 1324 1134 carminanda
1359 1100 1431 1133 lana
1464 1101 1729 1145 interpretantur.
1781 1100 1865 1143 Quid

275 1151 319 1184 sit
347 1149 522 1184 carminare
550 1149 668 1189 lanam,
696 1149 724 1182 si
752 1149 832 1183 scire
859 1149 973 1194 gestis,
1001 1149 1125 1192 evolve,
1153 1160 1283 1192 quaeso,
1310 1148 1508 1182 Lachmanni
1536 1149 1734 1192 maximeque
1747 1148 1866 1183 Hertz-

275 1200 364 1244 bergi
392 1198 639 1232 commentarios
667 1198 705 1231 ad
732 1198 816 1232 1111110
843 1199 959 1232 locum.
1011 1198 1076 1232 7Nos
1104 1198 1201 1243 longe
1228 1198 1320 1231 aliter
1346 1197 1506 1242 Propertii
1545 1198 1649 1231 verbis
1677 1198 1865 1232 subventuri

274 1248 382 1281 neutri
418 1247 549 1280 illorum
582 1247 766 1280 invidemus
802 1247 936 1280 lanificii
974 1250 1004 1279 et
1043 1247 1201 1279 textrinae
1240 1247 1419 1287 scientiam,
1459 1258 1553 1288 quam
1593 1246 1687 1279 etiam
1724 1257 1740 1278 a
1775 1249 1866 1289 poeta

274 1298 388 1329 nostro
417 1295 498 1328 satis
525 1295 663 1328 alienam
691 1295 792 1329 1111550
819 1306 891 1328 mox
918 1295 1081 1329 concedes.
1123 1294 1206 1338 Quid
1233 1294 1319 1328 enim
1345 1293 1403 1327 1100
1430 1293 1498 1328 1000
1525 1294 1610 1327 nuda
1637 1293 1769 1327 lanificii
1798 1294 1866 1327 sive

274 1345 433 1377 textrinae
461 1344 720 1377 commemoratio
748 1344 810 1376 sibi
837 1343 920 1384 vult,
949 1355 1017 1377 cum
1044 1355 1140 1377 versu
1168 1343 1313 1387 longiore
1332 1342 1493 1376 Arethusa
1520 1343 1601 1376 dicat
1629 1354 1662 1374 se
1689 1345 1866 1376 castren-

274 1393 337 1424 sia
364 1403 465 1437 pensa
493 1391 659 1424 laborare?
711 1391 828 1424 Nonne
854 1391 909 1423 illa
938 1391 1113 1424 castrensia
1138 1402 1237 1435 pensa
1263 1393 1400 1434 poscunt
1427 1393 1520 1433 atque
1547 1391 1622 1423 adeo
1649 1389 1810 1434 flagitant,
1832 1392 1868 1422 ut

274 1440 336 1474 sibi
364 1441 399 1474 in
427 1443 628 1485 pentametro
656 1439 762 1473 simile
789 1439 866 1482 quid
894 1438 1107 1484 respondeat?
1147 1438 1261 1473 Nonne
1288 1450 1321 1472 ea
1348 1439 1509 1472 sententia
1528 1439 1609 1472 sicca
1631 1439 1723 1481 quasi
1750 1438 1867 1472 harena

274 1489 406 1529 bibitur,
435 1499 526 1532 quae,
554 1500 624 1522 cum
652 1488 796 1522 ordiatur
823 1500 839 1521 a
866 1488 972 1522 labore
999 1489 1031 1521 in
1060 1488 1209 1532 operibus
1237 1488 1274 1520 ad
1293 1488 1392 1521 vitam
1413 1490 1607 1521 castrensem
1629 1487 1866 1531 pertinentibus

275 1537 333 1582 (cf.
361 1549 392 1572 v.
422 1536 498 1582 18.)
537 1540 701 1581 occupato,
736 1539 848 1581 pergat
885 1537 919 1569 in
956 1536 1169 1581 descriptione
1205 1536 1370 1569 artificiosi
1406 1536 1538 1569 lanificii
1574 1534 1748 1568 311035113
1784 1534 1867 1568 1111111

274 1584 504 1631 respicientis?
558 1585 645 1628 Quae
672 1585 837 1630 cogitatio,
873 1588 909 1618 ut
944 1585 997 1619 vix
1032 1584 1158 1630 neglegi
1191 1584 1297 1629 potuit
1332 1596 1349 1617 a
1382 1584 1464 1618 viris
1498 1583 1707 1625 doctissimis,
1742 1584 1787 1617 ita
1813 1594 1867 1616 eos

275 1635 433 1668 deterrere
460 1634 568 1667 debuit
594 1647 611 1667 a
639 1634 820 1668 coniectura
846 1634 902 1667 illa
928 1634 1102 1678 probanda.
1152 1633 1213 1666 Hic
1237 1636 1342 1666 autem
1368 1633 1455 1666 locus
1482 1633 1625 1678 exemplo
1653 1633 1722 1665 esse
1748 1635 1867 1677 potest,

275 1683 541 1727 quemadmodum
567 1683 746 1721 levissima,
773 1686 809 1716 ut
835 1682 1028 1724 videbimus,
1065 1682 1243 1726 corruptela
1278 1682 1366 1715 viros
1394 1681 1444 1715 vel
1471 1681 1676 1714 doctissimos
1703 1691 1805 1724 usque
1832 1691 1868 1713 eo

274 1731 384 1766 fallere
421 1735 527 1776 queat,
564 1734 599 1765 ut
633 1731 840 1765 coniectando
874 1731 1025 1776 scriptori
1054 1731 1148 1775 longe
1175 1730 1271 1764 alium
1299 1741 1430 1764 sensum
1457 1732 1656 1774 supponant,
1694 1732 1787 1773 atque
1813 1728 1869 1762 ille

276 1781 311 1813 111
339 1784 447 1814 mente
474 1781 630 1814 habuerit.
672 1779 853 1814 Levissime
880 1783 985 1813 autem
1012 1780 1162 1813 vitiatum
1189 1791 1258 1812 esse
1284 1779 1388 1812 locum
1412 1781 1560 1812 nostrum
1586 1778 1678 1812 facile
1705 1778 1868 1818 concedes,

274 1829 303 1862 si
339 1841 437 1863 113331
474 1829 651 1863 litterulam
690 1832 890 1873 pentametro
926 1839 1091 1873 perperam
1127 1828 1265 1861 additam
1302 1839 1371 1861 esse
1405 1827 1463 1861 tibi
1502 1827 1700 1871 persuaseris
1740 1836 1869 1870 eamque

274 1878 434 1912 ultimam.
486 1878 538 1911 Ita
566 1879 651 1911 enim
679 1877 850 1922 scripsisse
877 1877 1083 1922 Propertium
1108 1888 1167 1921 pro
1193 1879 1277 1910 certo
1304 1876 1483 1910 habendum
1510 1879 1575 1909 est:

694 1925 738 1959 Et
765 1925 863 1968 Tyria
890 1926 924 1959 in
952 1926 1076 1970 gladios
1104 1925 1221 1959 vellera
1247 1929 1331 1959 secta
1358 1937 1405 1958 su
1416 1937 1445 1959 0.

402 1975 472 2009 Hoc
498 1975 568 2009 loco
596 1974 741 2019 paullum
768 1974 977 2008 subsistimus
996 1985 1032 2008 eo
1049 1973 1200 2015 consilio,
1226 1977 1261 2007 ut
1288 1985 1372 2007 unus
1392 1973 1512 2006 alterve
1529 1973 1627 2006 lector
1644 1984 1703 2006 suo
1726 1972 1868 2017 exemplo

275 2025 387 2058 doctus
415 2027 600 2068 cognoscat,
629 2035 723 2067 quam
750 2022 842 2056 facile
868 2024 938 2057 fieri
965 2024 1121 2068 potuerit,
1148 2025 1184 2056 ut
1209 2022 1357 2056 homines
1385 2021 1565 2055 litterarum
1582 2021 1684 2055 multo
1711 2020 1869 2062 rudiores,

275 2073 353 2116 quid
380 2072 604 2117 significarent
630 2071 794 2116 Propertii
822 2073 928 2113 verba,
962 2083 1029 2105 non
1065 2071 1288 2116 perspexerint
1315 2081 1483 2113 crassaque
1510 2070 1657 2103 Minerva
1688 2080 1790 2103 suos
1818 2080 1869 2103 re-

274 2121 457 2166 posuerint.
512 2120 695 2154 Cavendum
731 2120 818 2153 enim
853 2123 914 2162 est,
953 2131 992 2153 ne
1027 2131 1101 2155 suo
1139 2131 1156 2153 a
1193 2119 1385 2164 pronomine
1412 2117 1564 2152 reflexivo
1591 2117 1766 2158 derivetur,
1799 2128 1870 2151 cum

274 2171 385 2215 potius
412 2170 517 2215 prima
544 2169 646 2203 forma
672 2169 761 2203 verbi
788 2169 945 2203 suendi
972 2169 1028 2211 sit,
1065 2179 1145 2212 quae
1178 2168 1229 2201 vel
1264 2168 1384 2213 optime
1411 2167 1602 2212 respondeat
1628 2167 1724 2201 verbo
1749 2165 1869 2211 prioris

274 2230 388 2253 versus
417 2219 553 2253 laboro
582 2218 720 2261 itemque
748 2218 788 2258 ei,
818 2218 902 2262 quod
929 2218 1065 2252 subinde
1092 2217 1250 2260 sequitur,
1286 2217 1410 2252 diseo.
1463 2216 1551 2250 Dicit
1583 2215 1683 2260 igitur
1710 2214 1869 2248 Arethusa
