2118 2698
1058 186 1076 216 8

924 283 953 325 1,
983 284 1040 326 13,
1070 284 1124 320 1⁴3.
1155 283 1210 320 14.

476 347 586 382 Haec
613 359 687 393 ego
715 359 797 383 non
825 359 995 383 rumore
1021 348 1148 389 malo,
1176 359 1258 382 non
1285 360 1445 393 augure
1471 348 1642 382 doetus:

528 395 628 430 Vidi
655 407 746 441 ego:
774 408 850 438 me,
879 408 1057 440 quaeso,
1084 399 1198 432 teste
1223 407 1379 442 negare
1405 395 1551 442 potes?

395 460 605 494 Desideratur
630 460 665 493 in
692 460 876 494 hexametro
911 460 1041 494 verbum
1072 460 1214 501 finitum,
1250 461 1453 504 quamobrem
1478 460 1641 505 Hauptius
1675 460 1774 494 eiecto
1809 471 1859 501 eo,

274 509 358 554 quod
385 512 434 542 est
461 508 589 553 malo,
617 509 772 543 substitui
800 508 870 543 vult
897 509 982 549 aio,
1009 508 1225 552 similiterque
1249 508 1396 543 Kochius
1425 509 1477 555 (in
1504 509 1606 552 symb.
1633 508 1714 553 pbil.
1732 507 1859 554 Bonn.)

272 558 438 602 loquor.
492 557 556 591 Sed
589 557 665 591 haee
698 558 749 591 vis
784 560 842 593 est.
896 557 970 591 Alia
1006 557 1059 591 via
1093 568 1207 591 versus
1240 557 1433 592 restituendi
1464 560 1665 592 monstratur
1689 557 1794 591 codice
1818 556 1858 593 N.

272 606 336 640 Hie
362 606 449 640 enim
474 606 664 640 vocabulum
690 618 765 651 ego
792 607 932 640 omittit:
968 617 1072 650 neque
1105 606 1186 640 illud
1211 606 1245 640 in
1272 605 1444 652 archetypo
1470 606 1626 651 scriptum
1656 605 1759 640 fuisse
1785 617 1860 640 sus—

273 656 373 700 picor.
426 655 613 700 Adscripsit
639 658 743 689 autem
771 655 968 698 nescioquis,
1004 657 1041 688 ut
1075 654 1181 689 trunci
1217 666 1330 689 versus
1356 666 1508 690 numeros
1535 654 1686 700 expleret,
1722 655 1860 699 margini

273 715 366 748 ego,
403 703 488 737 unde
522 715 540 736 a
575 703 772 747 reliquorum
807 704 948 737 codicum
985 703 1124 737 librariis
1159 703 1194 736 in
1230 703 1337 748 ipsum
1371 707 1495 738 textum
1528 703 1654 737 illatum
1680 706 1739 739 est.
1792 702 1861 736 Hoc

273 755 380 786 autem
406 753 540 786 verbum
566 755 603 786 ut
629 752 783 786 excidisse
810 751 997 797 opinaretur
1024 752 1089 793 ine,
1117 754 1171 785 aut
1197 763 1233 785 eo
1261 752 1390 786 videtur
1414 753 1568 786 adductus
1595 762 1676 793 esse,
1704 751 1787 795 quod
1815 754 1861 784 ter

275 800 325 845 (V.
357 800 412 836 14.
439 801 495 836 15.
519 801 592 844 19.)
620 801 654 834 in
682 800 952 845 subsequentibus
979 801 1126 834 versibus
1152 800 1282 846 legitur,
1310 804 1364 835 aut
1390 801 1474 844 quod
1500 800 1639 834 formula
1666 800 1765 834 haee
1791 811 1860 844 ego

274 861 356 883 non
384 850 433 883 bis
460 850 544 894 apud
558 849 763 894 Propertium
790 849 887 882 initio
915 860 1028 883 versus
1055 849 1191 883 occurrit
1219 849 1277 894 (os.
1298 849 1358 891 lv,
1386 849 1447 891 17,
1474 849 1531 884 39.
1559 848 1619 890 24,
1641 850 1716 893 11).
1756 849 1860 892 Quae-

274 909 409 942 cumque
435 910 527 932 eausa
553 897 628 938 fuit,
655 909 767 932 verum
792 909 859 931 non
886 897 981 934 vidit.
1021 897 1127 932 Multo
1147 898 1232 932 enim
1252 897 1463 932 verisimilius
1483 901 1532 931 est
1557 908 1687 931 versum
1713 900 1861 931 nostrum

274 947 361 980 inter
386 958 471 980 non
498 949 529 980 et
555 957 723 980 rumore
749 946 903 980 iacturam
929 945 1044 980 fecisse
1071 947 1157 980 verbi
1183 958 1291 987 sum.
1320 947 1403 990 quod
1423 949 1555 991 propter
1575 946 1753 980 litterarum
1774 945 1861 979 verbi

274 995 479 1039 insequentis
506 994 755 1029 similitudinem
790 995 912 1028 librarii
949 994 1058 1028 oculos
1092 994 1218 1029 fefellit.
1271 995 1409 1040 Scripsit
1435 995 1547 1040 igitur,
1586 995 1620 1028 ni
1646 994 1752 1036 fallor,
1779 993 1861 1027 Pro—

274 1045 418 1089 pertius:

558 1093 667 1126 Haec
694 1104 775 1125 non
802 1102 871 1127 sum
899 1102 1039 1127 rumore
1066 1092 1161 1133 malo,
1189 1104 1256 1126 non
1283 1103 1402 1138 augure
1428 1092 1551 1127 doctus.

400 1150 451 1184 En
479 1161 608 1184 versum
636 1150 913 1195 elegantissimum
939 1153 969 1184 et
994 1151 1090 1184 verbo
1118 1150 1225 1193 finito,
1252 1153 1288 1184 ut
1315 1161 1373 1195 par
1399 1153 1459 1191 est,
1486 1150 1690 1186 instructum.

904 1226 926 1248 ⁸
970 1231 999 1273 l,
1030 1231 1086 1273 13,
1114 1231 1171 1266 24.

608 1289 759 1322 Sensit
787 1289 830 1322 in
860 1288 1035 1323 Oetaeis
1063 1289 1215 1333 gaudia
1242 1289 1375 1334 prima
1402 1289 1528 1334 iugiS.

399 1346 452 1379 Sic
479 1346 520 1385 ei,
558 1346 612 1388 qui
649 1356 683 1378 se
718 1346 853 1378 maxime
889 1346 926 1378 ad
962 1345 1105 1378 codicum
1141 1346 1330 1390 scripturam
1357 1346 1515 1390 applicare
1548 1346 1609 1379 sibi
1637 1346 1801 1387 videntur,
1828 1349 1865 1379 ut

275 1395 494 1439 Hertzbergus
521 1396 551 1427 et
578 1393 716 1438 priores,
744 1393 881 1427 reddunt
908 1395 1002 1427 verba
1029 1404 1144 1427 versus
1165 1393 1222 1427 24.
1266 1394 1537 1439 Repugnantibus
1556 1397 1660 1428 autem
1681 1394 1732 1428 his
1758 1393 1864 1428 verbis

276 1447 306 1477 et
341 1443 480 1476 Hesiodi
515 1442 695 1476 narrationi
733 1443 770 1475 de
802 1442 951 1477 Herculis
984 1454 1052 1476 cum
1089 1442 1176 1476 Hebe
1208 1442 1333 1487 nuptiis
1369 1443 1537 1487 (theogon.
1571 1441 1642 1477 950
1669 1441 1800 1490 sqq.*))
1835 1445 1865 1476 et

276 1492 415 1526 aliorum
441 1490 749 1536 mythographorum
786 1491 913 1525 traditis
949 1491 1100 1536 (Diodor.
1135 1491 1194 1533 lv,
1221 1490 1342 1537 39**).
1394 1491 1582 1537 Apollodor.
1610 1491 1658 1533 ΙΙ,
1687 1491 1720 1533 7,
1748 1491 1864 1537 7***),

276 1541 423 1586 plerique
449 1541 589 1574 editores
616 1540 804 1574 mutandum
831 1543 953 1576 textum
980 1543 1174 1574 censuerunt
1206 1552 1271 1574 uno
1305 1543 1433 1586 excepto
1461 1540 1669 1586 Hmtzbergo,
1705 1540 1758 1584 qui
1791 1541 1866 1575 vul-

276 1593 382 1635 gatam
410 1589 582 1623 lectionem
609 1587 799 1623 defensurus
815 1588 1022 1634 Propertium
1050 1589 1109 1622 hoc
1136 1588 1204 1623 loco
1231 1589 1326 1623 aliam
1352 1589 1571 1632 traditionem,
1598 1601 1659 1633 qua
1685 1590 1865 1632 „Hercules

276 1641 311 1673 in
339 1640 411 1684 ipso
440 1637 532 1680 Oeta,
566 1649 645 1683 rogo
673 1637 774 1671 evicto
802 1640 833 1671 et
859 1638 1055 1672 mortalitate
1082 1637 1233 1680 abdicata,
1268 1638 1425 1672 Iuventae
1451 1638 1603 1683 nupsisse
1635 1638 1760 1685 (sic!)⁶⁴
1789 1651 1866 1673 nar-

278 1691 415 1730 raretur,
444 1689 589 1721 secutum
617 1698 686 1720 esse
713 1687 907 1732 suspicatur.
960 1687 1024 1720 Sed
1050 1687 1114 1729 hic,
1141 1687 1174 1720 ni
1202 1687 1309 1729 fallor,
1337 1687 1481 1722 credulos
1508 1687 1617 1722 nullos
1644 1688 1783 1731 invenit,
1811 1688 1865 1732 qui

277 1737 467 1782 opinionem
482 1737 578 1770 istam
601 1747 686 1770 vano
701 1739 880 1770 commento
902 1748 996 1780 quam
1022 1737 1164 1770 sincerae
1189 1737 1318 1771 veritali
1345 1736 1534 1770 similiorem
1564 1737 1746 1783 probarent.
1798 1737 1866 1771 Re-

277 1787 441 1830 liquorum
467 1785 626 1818 editorum
654 1785 710 1818 alii
737 1796 838 1818 unum
864 1786 1007 1825 verbum,
1035 1785 1090 1818 alii
1119 1785 1180 1819 duo
1207 1789 1354 1830 corrupta
1381 1797 1450 1819 esse
1476 1789 1602 1831 putant.
1641 1786 1866 1820 Lachmannus

278 1835 365 1869 enim
393 1833 592 1878 Scaligerum
618 1844 732 1867 verum
759 1833 879 1867 vidisse
906 1833 1096 1867 existimans
1124 1845 1193 1868 cuni
1221 1846 1256 1868 eo
1283 1834 1413 1879 reponit
1446 1835 1489 1868 ab
1525 1833 1700 1868 Oetaeis
1737 1835 1865 1881 iugis,

399 1939 424 1971 ²⁶¹)
436 1940 524 1970 Ἵὶβην
542 1940 565 1962 «Ρ
583 1940 718 1970 Ἀλκμήνης
736 1940 908 1972 καλλισφύρου
926 1940 1030 1971 ἄλκιμος
1051 1940 1112 1968 υἱός,

437 1981 473 2009 Ἲς
491 1983 642 2013 (Ηρακλῆος,
663 1982 764 2007 τελέσας
784 1983 936 2008 στονόεντας
955 1981 1074 2012 ἀέθλους,

441 2023 527 2048 Παῖδα
546 2025 607 2050 Διὸς
620 2024 750 2054 ,μεγάλοιο
769 2025 808 2046 καὶ
825 2022 908 2054 ’Ἠρης
927 2024 1121 2055 χρυσοπεδίλου

442 2066 551 2096 Αἰδοιί]ν
571 2066 624 2089 θέτ’
642 2064 741 2088 ἄκοιτιν
760 2063 792 2088 ἔν
816 2063 977 2096 Οὐλύμπῳ
1003 2066 1170 2097 νιφόεντι.

401 2115 443 2146 ²⁶‘⁴)
460 2117 542 2147 μετὰ
562 2118 618 2146 τὴν
636 2115 833 2139 ἀποθέωσιν
852 2113 954 2138 αὐτοῦ
971 2117 1031 2141 Ζεὺς
1044 2114 1130 2146 (Ἠραν
1150 2114 1252 2137 ἔπεισεν
1271 2114 1475 2142 υἱοποιήσασθαι
1486 2113 1529 2135 τὸν
1543 2113 1666 2143 ς[ΙροεκᾹ.εὀι
1681 2114 1731 2136 κτλ.
1745 2116 1771 2138 et
1780 2113 1869 2144 paullo

277 2156 401 2182 inferius:
421 2157 489 2187 τήνδ’
502 2156 587 2188 “Ἡραν
605 2158 687 2187 μετὰ.
706 2158 763 2187 τὴν
788 2157 951 2180 τέκνωσιν
970 2157 1149 2187 μυθολογοῦσι
1168 2157 1309 2179 συνοικίσαι
1329 2157 1373 2184 τὴν
1386 2153 1472 2185 Ἵ-Ῑβην
1490 2156 1527 2184 τῷ
1543 2155 1667 2186 (Ηρακλεῖ.

399 2205 459 2239 ***)
478 2206 492 2237 ᾖ
513 2209 550 2231 15.
580 2208 720 2238 Kacom'mqg
747 2206 777 2231 δὲ
803 2208 844 2237 τῆς
863 2207 943 2238 πυρᾶς
970 2206 1070 2237 λέγεται
1097 2205 1175 2238 νέφος
1194 2204 1311 2230 ὑποστὰν
1335 2205 1399 2228 μετὰ
1425 2206 1532 2237 βροντῆς
1558 2202 1635 2228 αὐτὸν
1653 2203 1699 2230 εἰς
1726 2202 1866 2237 οὐρανὸν

279 2248 439 2279 ἀναπέμψαι.
476 2248 602 2272 Ἐκεῖθε
614 2258 626 2270 ν
651 2249 678 2272 δέ
700 2249 786 2279 τυχὼν
806 2248 951 2274 ἀθανασίας
970 2251 1009 2272 καὶ
1028 2248 1170 2279 διαλλαγεὶς
1182 2247 1254 2279 “Ἠρᾳ
1273 2250 1317 2279 τὴν
1337 2246 1429 2279 {mimz
1448 2248 1575 2280 θυγατέρα
1597 2247 1698 2279 ἔγημεν.
