2118 2698
945 198 1050 244 siref-⁵}

233 297 410 331 suffossum
437 308 507 330 esse
534 295 824 341 fabularentur*)?
875 296 992 330 Nonne
1019 297 1108 330 lenae
1133 299 1240 340 verba,
1268 298 1384 342 quibus
1411 297 1535 342 puellae
1561 297 1686 331 animos
1712 308 1824 330 versa-

234 349 304 379 tura
337 348 368 379 et
401 345 440 379 ad
471 344 698 379 foedissimum
730 345 907 379 meretricis
943 348 1110 389 quaestum
1142 345 1315 390 pellectura
1349 347 1416 388 est,
1457 346 1565 391 aptius
1600 347 1825 391 comparantur

232 406 304 428 cum
330 394 434 440 talpae
461 393 617 428 fodientis
644 396 675 426 et
700 396 818 427 terram
845 393 1041 439 perforantis
1068 405 1176 439 opera,
1204 406 1299 439 quam
1326 406 1397 429 cum
1423 406 1503 439 aqua
1529 397 1625 439 atque
1651 405 1687 428 ea
1710 393 1824 428 blande

232 443 445 487 percurrenti,
475 453 554 485 quae
581 445 612 474 et
638 443 709 486 ipsa
737 442 865 486 quidem
890 442 1011 488 lapides
1038 454 1148 476 cavare
1179 443 1276 485 valet,
1312 443 1367 476 sed
1401 445 1506 476 tamen
1539 455 1607 478 non
1633 443 1698 477 nisi
1726 442 1824 488 longo

232 492 388 537 temporis
416 491 522 536 spatio
551 490 766 524 intermisso?
818 491 1027 535 Quamobrem
1054 494 1288 536 pentametrum
1316 503 1436 525 mecum
1463 491 1509 524 sic
1535 492 1688 525 rescribe:

579 548 872 592 Saxosamque
898 547 1014 582 forat
1041 548 1191 583 sedula
1219 548 1334 594 talpa
1360 549 1480 585 viam.

355 605 409 639 Sic
436 608 542 639 autem
570 605 722 638 restituto
748 605 892 639 breviore
918 616 1012 639 versu
1041 608 1179 640 extrema
1207 606 1300 640 verba
1326 605 1500 640 hexametri
1524 617 1627 650 neque
1654 609 1689 640 ut
1716 609 1825 640 extant

233 654 268 687 in
295 654 387 687 libris
415 665 519 697 neque
546 656 583 688 ut
609 665 626 687 a
647 654 879 687 recentissimis
901 654 1076 688 editoribus
1097 657 1216 688 mutata
1237 658 1315 688 sunt
1329 654 1486 688 sustineri
1501 666 1597 699 posse
1617 654 1651 688 in
1672 658 1825 700 promptu

233 706 292 738 est.
338 702 380 736 In
408 702 460 736 his
488 706 593 737 autem
621 702 826 736 emendandis
854 703 980 737 reiectis
1007 702 1080 736 aliis
1107 703 1198 737 libris
1224 702 1472 748 Neapolitanum
1499 715 1628 747 sequor,
1654 715 1713 748 per
1734 703 1824 737 cuius

233 751 372 793 litteras,
410 764 489 795 quae
521 755 600 785 sunt
632 762 791 796 perure,
826 751 1000 785 manifesto
1035 763 1097 785 vox
1133 764 1223 785 rura
1258 752 1417 796 perlucere
1452 751 1533 786 mihi
1565 752 1704 787 videtur.
1762 751 1825 786 Vix

232 800 296 833 iam
323 800 455 833 dubium
471 811 540 833 esse
558 802 678 844 potest,
707 799 785 842 quin
813 811 870 844 pro
898 800 958 839 eis,
986 811 1064 843 (piae
1090 800 1331 843 relinquuntur,
1360 800 1477 834 litteris
1504 800 1646 834 blanda
1673 812 1717 845 pe
1744 800 1825 834 scri-

232 849 370 883 bendum
389 848 434 882 sit
460 848 695 891 blandaque.
735 847 895 882 Particula
912 848 998 882 enim
1025 860 1116 892 que,
1143 848 1184 887 si,
1212 852 1247 882 ut
1265 848 1467 894 saepissime,
1494 848 1683 893 compendio
1706 849 1824 893 scripta

232 897 296 931 suit
323 898 408 942 (q;),
435 898 575 941 aliquam
602 896 711 930 saltim
737 897 987 931 similitudinem
1009 897 1135 931 litterae
1168 909 1185 941 p
1213 898 1360 942 praebere
1386 898 1503 942 potuit.
1543 897 1694 932 Blanda
1720 900 1825 931 autem

232 957 324 980 rura
351 947 429 980 haut
455 946 521 980 scio
550 957 589 979 an
616 956 711 978 nemo
739 945 918 986 mirabitur,
945 946 1000 989 qui
1028 947 1112 991 apud
1139 947 1278 981 Statium
1306 946 1451 980 blanda
1478 946 1622 979 littora
1648 949 1679 979 et
1705 945 1824 979 similia

232 994 356 1039 legerit.
417 994 542 1028 Blanda
578 994 663 1027 enim
699 1005 770 1027 cuin
806 1005 840 1027 ea
875 995 957 1035 sint,
997 1006 1076 1038 quae
1113 996 1261 1029 sensibus
1296 995 1503 1028 blandiantur
1541 995 1562 1027 i.
1599 1006 1624 1029 e.
1666 994 1824 1039 placeant,

232 1042 370 1077 iucunda
410 1043 490 1080 sint,
532 1043 684 1076 blanda
723 1054 820 1076 rura
855 1046 911 1076 aut
945 1043 1029 1076 nihil
1064 1046 1119 1077 aut
1154 1055 1219 1077 non
1255 1044 1391 1077 multum
1426 1039 1579 1077 differunt
1613 1055 1630 1076 a
1664 1042 1824 1088 gratis,

232 1093 430 1135 amoenis,
458 1092 580 1126 laetis
608 1091 705 1137 agris.

356 1142 440 1176 Toto
468 1141 570 1187 igitur
604 1141 742 1174 disticho
778 1141 837 1175 hoc
864 1142 941 1176 dicit
974 1145 1084 1187 poeta:
1112 1142 1202 1176 Lena
1228 1142 1333 1176 verbis
1365 1142 1507 1176 animum
1534 1141 1657 1186 puellae
1685 1141 1728 1175 ita
1754 1152 1825 1174 cor-

233 1202 379 1235 rumpere
414 1191 559 1224 studebat
597 1190 661 1235 (ila
692 1191 798 1224 verbis
834 1192 872 1224 ad
905 1192 1172 1235 corrumpendum
1207 1191 1333 1225 idoneis
1361 1191 1582 1224 detestandum
1615 1202 1696 1235 opus
1731 1201 1824 1223 suum

231 1239 446 1284 perficiebat),
483 1241 518 1272 ut
550 1238 661 1272 sedula
696 1238 782 1283 talpa
814 1239 928 1272 blanda
962 1250 1034 1273 rura
1069 1243 1100 1273 et
1134 1251 1280 1273 saxosam
1314 1240 1398 1273 viam
1437 1238 1588 1283 perforat.
1655 1238 1699 1272 Ut
1739 1238 1826 1271 enim

234 1288 320 1334 talpa
347 1300 404 1323 nec
431 1290 579 1322 movetur
606 1287 691 1322 ruris
724 1287 898 1333 splendore
932 1299 989 1322 nec
1024 1288 1142 1322 duritie
1169 1287 1385 1334 lapidosarum
1412 1286 1602 1333 viarum**)
1640 1286 1824 1333 impeditur,

232 1339 408 1380 quominus
437 1337 603 1370 cuniculos
631 1348 708 1369 suos
735 1337 849 1378 fodiat,
878 1337 923 1370 ita
949 1338 1020 1370 lena
1047 1338 1204 1382 integram
1232 1337 1369 1381 puellam
1389 1340 1577 1380 corruptura
1597 1348 1655 1370 nec
1681 1335 1825 1370 castitate

232 1389 262 1419 et
297 1385 540 1431 pulchritudine
572 1385 714 1430 virginis
750 1388 968 1419 commovetur
1002 1396 1059 1418 nec
1091 1386 1272 1419 constantia
1306 1389 1333 1418 et
1362 1385 1514 1419 firmitate
1540 1385 1609 1418 eius
1637 1385 1824 1426 deterretur,

234 1435 314 1478 quin
342 1435 470 1469 foedum
498 1446 580 1478 opus
608 1446 703 1467 suum
730 1438 950 1478 persequatur.

889 1535 927 1571 v.
957 1534 989 1577 7,
1018 1534 1173 1570 51-70.

356 1605 465 1639 Huius
493 1605 647 1639 carminis
674 1604 843 1650 particula,
872 1616 950 1648 quae
976 1615 1090 1638 versus
1126 1605 1210 1637 intra
1240 1604 1540 1649 quinquagesimum
1568 1607 1598 1637 et
1624 1604 1826 1649 septuagesi-

232 1666 320 1689 mum
347 1654 487 1699 primum
524 1654 758 1700 complectitur,
795 1657 831 1687 ut
863 1653 944 1687 mihi
972 1653 1234 1698 interpolationis
1269 1656 1416 1698 suspecta
1443 1656 1504 1695 est,
1538 1653 1580 1687 ita
1607 1652 1826 1698 compluribus

234 1703 311 1737 locis
339 1706 487 1747 corrupta
514 1703 651 1738 videtur.
703 1702 750 1736 Ac
785 1703 822 1736 de
857 1702 1108 1747 interpolatione
1142 1702 1269 1746 quidem
1305 1702 1368 1735 alio
1403 1702 1471 1736 loco
1500 1705 1680 1746 quaeretur,
1714 1701 1763 1735 hic
1790 1702 1827 1734 de

233 1752 374 1797 singulis
402 1751 596 1797 corruptelis
623 1763 763 1796 agemus,
805 1750 949 1784 Primum
978 1762 1012 1784 ea
1039 1751 1212 1793 sententia,
1241 1762 1333 1795 quam
1361 1751 1399 1783 ad
1427 1751 1688 1795 interpretandos
1713 1761 1826 1783 versus

233 1801 290 1837 55.
326 1804 353 1834 et
383 1800 441 1836 56.
476 1800 615 1846 protulit
648 1800 880 1846 Hertzbergus,
916 1799 1005 1833 valde
1041 1799 1199 1844 displicet.
1260 1799 1309 1833 Ita
1345 1799 1430 1834 enim
1466 1799 1672 1844 Propertium
1707 1798 1826 1832 dixisse

234 1851 322 1884 vult:
352 1850 485 1893 „Turba
513 1850 621 1883 omnis
648 1849 775 1894 gemina
803 1849 853 1894 (h.
883 1861 909 1884 e.
939 1849 972 1882 in
1000 1849 1079 1882 duas
1106 1852 1212 1894 partes
1240 1849 1362 1892 divisa)
1391 1849 1482 1882 sedes
1509 1860 1565 1893 per
1591 1847 1727 1882 fluvium
1754 1859 1826 1882 sor-

231 1899 292 1933 tita
320 1902 369 1932 est
396 1902 427 1932 et
454 1898 580 1932 diversa
608 1910 688 1942 aqua
715 1899 886 1943 remigat.“
940 1898 1019 1941 Quis
1047 1909 1121 1931 vero
1149 1901 1274 1943 poetam
1304 1901 1366 1931 tam
1399 1898 1482 1931 nude
1510 1897 1590 1930 illud
1616 1896 1738 1930 sedes
1765 1908 1826 1941 po·-

232 1949 339 1983 suisse
366 1948 484 1990 credat,
512 1959 582 1982 cum
610 1948 643 1981 in
672 1948 837 1982 turbam
865 1947 1006 1992 epitheta
1033 1946 1265 1981 cumulaverit?
1317 1947 1527 1991 Quamobrem
1554 1945 1668 1980 leviter
1692 1945 1826 1979 mutatis

231 1999 339 2031 verbis
367 2009 480 2031 versus
509 1998 567 2034 55.
596 1998 641 2031 sic
668 1998 824 2030 rescribo:

357 2135 381 2165 71’)
400 2134 485 2159 Varro
504 2135 574 2167 apud
592 2135 706 2159 Plinium
725 2133 794 2162 vm,
814 2137 853 2158 29.
872 2138 910 2159 43.

355 2184 397 2216 **)
416 2183 469 2209 Sub
488 2183 537 2208 viis
556 2184 659 2209 saxosis
678 2184 734 2208 vias
753 2183 828 2208 silice
845 2187 944 2208 stratas
963 2183 1001 2208 vel
1021 2183 1128 2208 semitas
1148 2191 1193 2215 per
1211 2187 1311 2215 petram
1331 2189 1423 2207 caesas
1442 2182 1581 2214 intellegas
1605 2188 1675 2206 cave.
1698 2188 1755 2206 eum
1774 2181 1827 2206 sint

231 2225 327 2250 limites
346 2224 436 2250 multis
455 2224 591 2256 lapidibus
610 2224 705 2256 sparsi.
742 2224 785 2249 Sic
804 2224 916 2249 saxosi
940 2227 1061 2249 montes
1081 2223 1157 2256 Verg.
1176 2231 1262 2256 georg.
1281 2223 1312 2249 11,
1334 2228 1387 2248 111.
1410 2231 1461 2248 non
1479 2224 1503 2249 ei
1521 2226 1589 2251 sunt,
1614 2223 1657 2254 qui
1676 2222 1748 2247 saxis
1766 2229 1826 2247 con-

231 2270 307 2296 stent,
328 2266 373 2291 sed
392 2267 435 2298 qui
454 2266 526 2291 saxis
545 2265 689 2291 intermixti
708 2268 776 2291 sunt.
