2118 2698
1000 124 1040 156 33
1090 131 1093 135 .

352 223 384 260 3.
423 222 454 267 1,
482 222 517 266 7,
543 222 601 260 26.
632 223 762 258 verbum
796 223 832 258 in
865 222 930 258 fine
962 222 1106 269 positum
1132 222 1259 257 Amor
1284 234 1301 256 e
1326 233 1420 257 versu
1448 222 1506 258 20.
1540 222 1714 269 repetitum
1748 225 1809 258 est.

229 271 438 315 scribendum
463 282 535 307 esse
560 271 696 306 honor
721 282 758 306 ex
783 274 970 317 argumento
997 271 1098 306 totius
1125 271 1275 306 carminis
1302 274 1333 305 et
1360 282 1396 305 ex
1422 274 1604 317 comparato
1629 282 1726 306 versu
1746 271 1808 315 IV,

230 321 264 362 1⁹
290 319 542 413 maeniana,
569 369 602 403 3.
630 379 686 403 nec
711 368 953 415 Thesproti
986 380 1044 404 nec
1078 372 1118 402 te
1143 368 1292 404 Protei
1319 369 1469 403 idoneum
1500 380 1634 403 sensum
1660 369 1807 414 praebet3

229 427 326 460 quare
351 417 460 461 paullo
486 416 618 462 longius
644 429 661 450 a
688 417 814 452 traditis
830 417 950 452 litteris
969 417 1116 452 recedens
1134 418 1254 452 scribo:
1281 420 1318 451 te
1344 417 1517 462 Zephyri
1543 417 1598 462 (te
1623 417 1806 464 cephiri).

350 464 383 501 5.
422 464 453 507 Ι,
481 462 538 507 13,
565 464 598 499 8.
623 476 682 511 pro
708 467 857 510 corrupto
883 465 1035 499 vocabulo
1054 465 1196 499 codicum
1222 465 1340 499 adire
1365 476 1432 499 non
1459 468 1525 499 tam
1550 465 1685 507 abire.
1711 476 1806 509 quam

228 513 346 548 obire
372 513 572 548 scribendum
598 516 658 550 est.

349 561 381 598 6.
420 561 451 605 Ι,
480 562 537 604 15,
563 561 621 598 39.
647 562 807 597 multos
834 561 1002 607 pallere
1028 562 1203 597 colores
1230 562 1398 596 absurdum
1426 565 1485 598 est.
1533 562 1642 596 Scribe
1671 563 1806 598 uultus

226 609 396 655 pallere
421 611 590 645 colores
617 611 674 656 (cf.
702 610 799 645 Statii
825 610 901 646 silv.
927 609 996 653 ΙΙΙ,
1022 610 1057 653 4,
1085 610 1142 645 51.
1169 621 1278 644 roseos
1305 610 1445 656 vultus).

350 668 381 705 7.
422 668 452 712 Ι,
481 668 538 712 16,
565 667 621 705 38.
648 668 737 714 lego:

591 716 677 761 Quae
702 717 785 751 solet
810 717 987 762 ingrato
1013 717 1115 751 dicere
1140 718 1299 762 probra
1326 717 1406 752 loco.

349 773 382 810 8.
422 773 452 817 Ι,
481 773 538 817 19,
566 773 623 810 21.
651 773 744 816 illud,
777 774 863 817 quod
888 774 924 808 in
950 773 1041 809 libris
1067 774 1295 819 manuscriptis
1322 777 1407 808 extat
1432 785 1463 817 e,
1495 785 1561 808 non
1588 785 1625 807 ex
1651 786 1671 810 a
1703 784 1806 818 neque

227 834 264 856 ex
289 822 371 857 heu
397 826 594 868 corruptum,
620 821 676 856 sed
702 833 739 855 ex
765 825 805 855 et
830 822 1024 857 decurtatum
1050 825 1140 868 puto.

347 870 380 907 9.
422 871 452 915 Ι,
485 871 545 914 21,
581 871 615 907 4.
650 882 709 916 pro
742 871 938 916 proxima
970 871 1163 906 militiae
1196 871 1305 905 malim
1340 871 1538 917 proxima
1570 871 1804 908 amicitiae.

226 919 319 954 Gallo
346 931 489 955 sororem
514 920 646 954 alterius
673 919 788 953 militis
815 919 1006 965 desponsam
1030 919 1134 954 fuisse
1159 921 1316 965 suspicor.

351 968 407 1005 10.
448 968 516 1011 ΙΙΙ,
545 969 602 1011 11,
630 968 661 1004 3.
689 967 806 1002 codicis
842 967 880 1003 G.
915 968 1072 1013 scriptura
1104 979 1241 1002 secum
1275 968 1470 1013 repudianda
1496 972 1556 1010 est,
1588 968 1805 1014 recipiendum

225 1029 241 1051 e
267 1016 401 1062 reliquis
428 1021 574 1053 tecum.

352 1077 408 1111 11.
447 1075 516 1117 ΙΙΙ,
545 1074 602 1117 16,
629 1075 686 1110 29.
714 1075 828 1109 ultima
854 1075 962 1109 littera
986 1075 1074 1109 verbi
1100 1075 1255 1109 amaris
1282 1074 1414 1108 delenda
1440 1077 1498 1110 est.

348 1131 403 1167 12.
442 1130 510 1173 ΙΙΙ,
537 1130 598 1173 21,
627 1131 683 1166 12.
710 1131 755 1175 id,
782 1131 868 1175 quod
892 1131 929 1165 in
955 1132 1021 1167 cod.
1050 1130 1089 1165 G.
1116 1131 1236 1177 legitur
1269 1131 1452 1173 domum,
1485 1131 1585 1165 nimis
1620 1130 1676 1165 diu
1701 1131 1804 1165 inter-

224 1183 329 1225 pretes
365 1179 491 1213 fefellit.
544 1179 728 1214 Ceterorum
763 1179 920 1214 librorum
952 1181 1108 1225 scriptura
1144 1180 1260 1220 domo
1294 1180 1464 1214 verissima
1496 1183 1562 1222 est,
1597 1179 1691 1213 modo
1722 1182 1804 1213 recte

223 1229 318 1262 verba
345 1228 537 1273 distinguas.
589 1228 674 1263 Haec
700 1229 802 1274 igitur
827 1229 929 1263 totius
956 1228 1084 1263 distichi
1110 1229 1232 1274 species
1258 1228 1337 1262 suit:

588 1276 739 1311 Colchida
764 1278 810 1311 sic
836 1277 954 1322 hospes
981 1277 1142 1320 quondam
1169 1278 1289 1322 decepit
1315 1276 1431 1311 Iason:

634 1324 743 1359 Eiecta
769 1329 830 1368 est,
857 1325 963 1359 tenuit
988 1336 1124 1368 namque
1151 1325 1281 1368 Creusa,
1309 1326 1414 1359 domo.

344 1373 497 1408 Eiusdem
531 1374 682 1408 carminis
716 1385 811 1409 versu
849 1377 1001 1418 sequente
1034 1385 1093 1419 pro
1120 1374 1255 1408 absurdo
1288 1373 1443 1408 iuvene
1478 1377 1542 1408 est
1568 1374 1706 1409 rescribo
1733 1374 1803 1408 ni-

222 1434 296 1457 vea
323 1425 397 1459 est.

347 1471 401 1507 13.
441 1471 508 1514 ΙΙΙ,
536 1470 594 1511 25,
621 1471 678 1507 21.
706 1483 756 1515 sq.
783 1472 828 1506 sic
855 1471 1118 1517 distinguendum
1144 1474 1209 1505 est:

587 1519 636 1554 Tu
663 1531 802 1564 quoque,
829 1521 885 1564 qui
911 1520 1006 1565 pleno
1031 1519 1136 1554 fastus
1162 1520 1301 1554 assumis
1327 1520 1459 1559 amore?

636 1568 781 1611 Credule,
808 1568 898 1603 nulla
924 1569 978 1602 diu
1003 1568 1124 1602 [emina
1149 1568 1275 1613 pondus
1303 1568 1405 1605 habet.

345 1625 400 1662 14.
441 1625 508 1669 ΙΙΙ,
536 1625 595 1669 32,
622 1625 679 1661 22.
707 1637 791 1660 unus
817 1625 1046 1671 Neapolitanus
1072 1637 1184 1660 verum
1210 1626 1369 1660 servavit:
1402 1628 1549 1669 „quanta
1574 1628 1797 1661 meretur&

222 1674 314 1719 Quod
339 1678 388 1709 est
414 1675 449 1708 in
476 1675 609 1719 reliquis
636 1674 727 1709 libris
754 1675 954 1716 mereris,
981 1674 1140 1718 quomodo
1167 1675 1290 1719 legibus
1310 1673 1525 1720 grammaticis
1544 1674 1669 1708 defendi
1690 1678 1798 1718 queat,

221 1734 288 1757 non
316 1724 418 1759 video.
471 1723 663 1757 Meretur
688 1724 817 1768 passive
843 1723 1058 1767 accipiendum
1085 1726 1146 1759 est.

345 1780 398 1816 15.
438 1780 597 1814 Versuum
617 1779 735 1824 elegiae
752 1779 820 1823 ΠΙ,
841 1779 897 1814 34.
918 1779 968 1814 hic
986 1782 1034 1813 est
1053 1780 1216 1824 genuinus
1236 1780 1331 1814 ordo:
1353 1780 1401 1825 [v.
1423 1779 1570 1826 1—23.]
1591 1791 1620 1815 v.
1640 1779 1795 1817 23—38.

222 1828 278 1864 45.
307 1828 363 1864 46.
392 1827 546 1863 51—54.
574 1827 727 1863 39—44.
756 1827 910 1864 47-50,
938 1827 1091 1863 55-78.
1120 1828 1176 1863 83.
1205 1828 1261 1864 84.
1291 1827 1445 1864 79—82.
1473 1828 1519 1863 85
1531 1828 1626 1865 -94.

342 1889 372 1913 v.
401 1877 458 1911 27.
484 1888 543 1921 pro
569 1876 706 1910 solum
732 1876 795 1911 fuit
820 1888 970 1912 serum.

345 1926 466 1960 Versus
493 1922 550 1961 39.
579 1925 635 1960 40.
662 1925 708 1959 sic
733 1925 890 1973 scribendi
917 1929 1011 1960 sunt:

582 1973 681 2008 Num
707 1974 941 2019 Amphiaraeae
967 1975 1144 2020 prosint
1169 1974 1227 2008 tibi
1254 1974 1319 2008 fata
1346 1975 1518 2021 quadrigae

632 2023 699 2056 Aut
724 2022 862 2068 Capanei
888 2034 1003 2068 magno
1029 2026 1120 2067 grata
1145 2024 1239 2057 ruina
1264 2023 1365 2062 Iovi?

344 2070 399 2105 16.
438 2071 498 2112 IV,
528 2072 560 2112 1.
587 2070 620 2107 9.
648 2082 706 2115 pro
733 2071 937 2105 sublimis
963 2082 997 2104 ea
1021 2070 1137 2113 forma,
1164 2083 1257 2115 quam
1284 2072 1485 2106 Ritschelius
1516 2073 1621 2117 poetis
1653 2073 1795 2116 comicis,

219 2119 414 2154 Ribbeckius
449 2119 594 2165 Vergilio
629 2119 778 2161 reddidit,
811 2118 1024 2153 sublimen
1058 2120 1255 2154 restituenda
1283 2123 1341 2157 est.
1391 2119 1463 2154 Non
1496 2121 1582 2155 enim
1609 2124 1671 2155 est
1697 2120 1818 2156 Fama·

220 2168 380 2211 sublimis,
408 2168 463 2202 sed
489 2168 691 2213 Propertium
719 2168 941 2203 sublimem
968 2168 1092 2205 levat.
