2118 2698
1014 204 1055 237 23

928 304 989 346 lv,
1015 305 1050 347 9,
1078 304 1136 339 362

486 366 577 402 Non
604 379 678 414 ego
704 367 896 403 velifera
921 368 1128 403 tumidum
1155 378 1262 403 mare
1288 367 1414 402 findo
1441 366 1606 401 carina:

537 415 647 451 Tuta
672 418 750 452 sub
772 417 927 463 exiguo
953 415 1137 452 flumine
1163 420 1319 452 nostra
1344 418 1515 452 morast.

367 480 498 515 Duabus
525 480 561 513 de
586 481 692 515 causis
717 481 954 516 Heimreichius
981 481 1160 528 longiorem
1193 492 1322 516 versum
1356 481 1503 526 spurium
1536 491 1607 515 esse
1641 483 1760 521 censet,
1794 483 1825 513 et

245 529 330 573 quod
355 531 444 563 totus
470 540 584 564 versus
610 529 644 564 in
672 529 712 566 N.
741 531 921 573 omittatur,
955 533 986 564 et
1020 529 1104 575 quod
1140 529 1256 564 findo
1291 528 1448 565 trochaice
1470 529 1614 574 positum
1640 528 1695 563 sit.
1743 527 1824 562 Mihi

245 579 359 611 neutra
385 588 477 612 causa
503 580 593 611 tanta
618 578 757 621 videtur,
784 581 820 613 ut
845 589 974 613 versum
999 578 1170 624 Propertio
1204 577 1388 614 abiudicem.
1440 577 1579 612 Maiores
1605 579 1710 611 autem
1737 576 1824 610 diffi-

245 624 378 659 cultates
404 625 520 660 insunt
545 626 654 660 versui
679 626 891 671 pentametro.
943 625 984 660 In
1018 626 1076 661 hoc
1110 626 1195 661 enim
1230 627 1387 673 scriptura
1421 624 1538 659 codicis
1565 624 1604 660 G.
1633 636 1825 670 magnopere

245 672 404 719 discrepat
429 685 447 707 a
471 672 511 709 N.
538 673 714 719 ceterisque
740 674 843 710 libris.
894 673 974 709 Nam
1000 686 1069 709 cum
1095 675 1131 708 in
1158 674 1209 709 his
1237 675 1385 709 omnibus
1412 673 1567 719 scriptum
1593 674 1637 708 sit
1663 676 1757 707 tota
1778 693 1821 697 »—

245 733 375 776 mora,
402 722 436 755 in
463 721 520 756 illo
548 722 678 769 legitur
691 726 784 757 tuta
813 744 852 749 —-
883 723 1006 757 ratis.
1051 723 1101 758 Ex
1127 734 1286 757 consensu
1312 723 1466 757 librorum
1493 722 1573 756 satis
1599 722 1701 766 liquet
1726 721 1826 755 etiam

245 769 281 803 in
307 769 477 815 archetypo
504 770 661 815 scriptum
686 770 789 805 fuisse
815 774 907 806 tota
935 792 977 797 —
1006 782 1134 815 mora3
1164 764 1369 816 Groningani
1393 773 1500 805 autem
1523 769 1686 812 librarius,
1713 763 1826 816 utpote

245 819 295 852 cui
321 830 435 852 mora
462 818 612 853 veliferae
638 818 762 854 carinae
792 831 860 854 non
894 820 975 854 satis
1009 820 1201 866 respondere
1225 819 1408 860 videretur,
1433 830 1492 853 suo
1522 818 1653 852 arbitrio
1680 817 1826 864 reposuit

245 867 368 907 ratis,
396 879 456 912 quo
483 866 565 902 facto
594 867 689 902 etiam
715 871 801 902 tota
826 868 861 903 in
888 871 974 903 tuta
999 871 1122 903 mutare
1156 868 1333 914 cogebatur.
1384 867 1468 902 Mira
1497 866 1724 911 inaequalitate
1757 867 1825 900 edi-

245 919 330 950 tores
357 916 393 950 in
419 917 616 951 aestimanda
642 916 759 952 codicis
775 916 814 953 G.
841 917 999 963 scriptura
1023 917 1075 952 usi
1101 919 1189 952 sunt.
1229 913 1415 951 Reicientes
1435 917 1521 950 enim
1540 927 1651 950 omnes
1676 916 1722 958 id,
1741 915 1826 960 quod

245 967 294 998 est
324 965 446 1007 ratis,
481 965 582 999 eidem
617 977 728 1000 omnes
764 969 850 1000 tuta
883 966 1097 1001 retinuerunt.
1149 965 1213 999 Sed
1244 977 1284 1000 ne
1319 965 1377 999 hoc
1404 964 1531 1009 quidem
1557 965 1730 998 tenendum
1756 975 1825 998 esse

245 1013 420 1068 apparebit,
447 1014 477 1048 si
500 1013 732 1058 gravissimum
758 1025 898 1049 errorem
925 1014 1071 1048 omnibus
1103 1013 1195 1048 libris
1222 1024 1421 1047 communem
1438 1012 1689 1047 correxerimus.
1741 1012 1825 1056 Quid

245 1061 331 1095 enim
358 1062 545 1107 significant
576 1063 670 1097 verba
704 1064 778 1098 sub
810 1064 964 1111 exiguo
998 1062 1205 1098 flumine?
1255 1062 1439 1109 Madvigius
1465 1061 1501 1096 in
1528 1061 1651 1097 advers.
1678 1061 1749 1097 crit.
1776 1059 1824 1102 ΙΙ,

244 1108 303 1144 64.
329 1121 364 1144 se
390 1121 425 1144 ea
451 1110 637 1156 intellegere
663 1115 759 1157 negat
784 1123 887 1156 neque
919 1112 1020 1146 latine
1050 1112 1097 1146 ita
1130 1111 1191 1145 dici
1225 1112 1370 1156 potuisse
1397 1110 1505 1146 credit.
1559 1109 1618 1144 Cui
1644 1110 1825 1144 sententiae

244 1170 314 1193 cum
348 1159 437 1194 omni
472 1170 509 1193 ex
542 1162 631 1205 parte
665 1160 835 1204 assentiar,
870 1164 976 1195 tamen
1010 1160 1094 1205 quod
1128 1160 1183 1194 ille
1216 1171 1275 1206 pro
1311 1158 1482 1193 flumine
1515 1158 1626 1205 potius
1661 1157 1825 1192 flamine

244 1208 446 1242 scribendum
473 1220 541 1242 esse
568 1209 694 1252 statuit,
721 1210 854 1255 probare
880 1222 948 1245 non
972 1222 1116 1255 possum.
1166 1209 1275 1253 Neque
1302 1209 1388 1244 enim
1421 1209 1582 1243 tumido
1618 1207 1722 1242 mari
1755 1209 1826 1253 apte

244 1257 423 1301 opponitur
457 1257 658 1302 exiguum
691 1258 868 1300 flamen,
902 1270 972 1292 cum
1007 1259 1103 1292 etiam
1138 1259 1174 1291 in
1207 1259 1279 1303 ipso
1313 1258 1393 1291 mari
1428 1258 1588 1291 interdum
1623 1257 1711 1290 lenes
1737 1256 1826 1290 venti

244 1304 336 1347 flent,
363 1316 466 1350 neque
492 1305 666 1351 navigandi
684 1309 772 1341 actus
792 1306 973 1341 contrarius
995 1309 1041 1340 est
1058 1305 1226 1351 morando,
1252 1306 1282 1341 si
1301 1308 1408 1340 tamen
1435 1305 1595 1340 morari
1622 1304 1705 1339 idem
1723 1304 1826 1339 valere

244 1352 315 1386 vult
339 1354 391 1387 vir
416 1354 635 1395 doctissimus,
663 1355 747 1397 quod
772 1355 924 1400 navigare
950 1367 1006 1389 seu
1031 1356 1196 1400 remigare.
1247 1354 1332 1389 Num
1363 1357 1468 1388 autem
1503 1365 1631 1388 necesse
1657 1356 1706 1387 est
1732 1353 1826 1386 etiam

244 1411 372 1435 versum
407 1400 464 1437 36.
497 1401 535 1435 ad
566 1402 807 1448 navigationem
841 1402 1004 1449 spectare?
1060 1402 1178 1438 Nonne
1212 1402 1409 1449 periculosae
1442 1401 1478 1435 in
1513 1401 1592 1435 mari
1624 1400 1826 1446 navigationi

244 1449 352 1484 eodem
386 1454 441 1485 aut
474 1450 605 1485 meliore
641 1453 710 1485 iure
745 1452 951 1486 commoratio
985 1453 1019 1486 in
1051 1455 1136 1486 terra
1171 1452 1359 1497 opponitur,
1395 1462 1488 1495 quam
1521 1450 1685 1496 navigatio
1717 1449 1825 1484 minus

242 1497 420 1541 periculosa
446 1499 505 1532 sub
531 1499 637 1543 exigui
664 1500 753 1533 venti
780 1499 933 1533 flamine²
984 1500 1193 1543 Quamobrem
1227 1511 1284 1533 nec
1317 1499 1522 1541 flumine,
1556 1510 1612 1532 nec
1646 1498 1826 1532 flamine

243 1544 447 1592 Propertium
465 1546 636 1592 scripsisse
652 1550 745 1594 puto,
771 1548 827 1582 sed
853 1547 1057 1593 culmine3
1083 1547 1122 1584 cf.
1144 1548 1240 1594 Verg.
1262 1547 1317 1583 ecl.
1337 1546 1366 1589 I,
1387 1545 1453 1580 68·
1481 1547 1635 1591 Pauperis
1662 1550 1692 1580 et
1718 1545 1826 1590 tuguri

244 1598 431 1650 congestum
467 1596 604 1641 caespite
640 1596 775 1633 culmen
835 1596 904 1631 Iam
939 1597 1032 1631 etiam
1066 1597 1286 1643 intellegitur,
1322 1608 1376 1631 cur
1410 1599 1502 1630 tota
1540 1596 1732 1630 servandum
1770 1593 1824 1630 sit.

242 1642 341 1677 Poeta
369 1644 455 1677 enim
481 1655 515 1677 se
542 1645 718 1679 omnino
745 1657 826 1679 non
855 1646 931 1679 navi
957 1657 1041 1679 mare
1066 1657 1260 1691 percurrere,
1295 1645 1350 1678 sed
1385 1648 1518 1678 totam
1549 1644 1681 1678 vitam
1713 1655 1827 1678 suam

243 1692 301 1726 sub
326 1693 440 1739 exiguo
467 1696 548 1728 tecto
576 1693 687 1740 degere
712 1693 892 1741 profitetur.

931 1775 992 1817 IV,
1018 1775 1076 1818 20,
1104 1775 1137 1811 5.

535 1834 587 1869 At
612 1838 670 1879 tu,
697 1836 848 1879 stulta,
875 1830 988 1879 deos,
1015 1839 1053 1870 tu
1079 1835 1212 1882 fingis
1239 1836 1384 1870 inania
1410 1837 1535 1872 verba.

367 1903 496 1937 Priores
532 1904 651 1949 elegiae
685 1904 759 1938 libri
795 1905 901 1947 quarti
936 1905 1104 1938 vicesimae
1140 1906 1244 1939 decem
1278 1916 1391 1938 versus
1418 1916 1497 1938 num
1521 1908 1604 1938 recte
1632 1904 1774 1948 Scaliger
1799 1907 1830 1936 et

245 1951 299 1996 qui
337 1962 409 1986 eum
443 1952 544 1986 secuti
579 1955 657 1986 sunt
690 1952 823 1998 plurimi
857 1955 888 1986 et
922 1953 1099 1987 doctissimi
1134 1953 1199 1987 viri
1236 1955 1317 1998 (quo
1352 1953 1389 1987 in
1422 1963 1557 1987 numero
1590 1952 1827 1989 Lachmannus.

246 2000 426 2045 Hauptius,
453 2000 492 2036 L.
519 2001 639 2035 muller
664 2002 756 2047 sunt)
783 2013 801 2035 a
826 2001 961 2045 reliquis
987 2001 1106 2047 viginti
1132 2002 1277 2036 versibus
1304 2001 1507 2036 seiunxerint
1532 2005 1563 2035 et
1588 2002 1749 2046 integrum
1775 2012 1829 2035 ro-

244 2048 445 2092 tundumque
471 2060 597 2083 carmen
625 2061 679 2084 eos
706 2049 829 2084 efficere
854 2050 1051 2096 putaverint,
1085 2050 1216 2085 dubium
1248 2061 1325 2084 sane
1357 2062 1407 2084 me
1439 2050 1576 2084 reddidit
1601 2049 1828 2094 Hertzbergus‚

245 2097 301 2141 qui
328 2097 531 2142 gravissimis
558 2099 663 2133 causis
699 2099 820 2142 eisque,
856 2101 892 2133 ut
926 2098 1006 2133 mihi
1040 2099 1167 2143 quidem
1192 2099 1332 2141 videtur,
1366 2099 1498 2133 minime
1524 2098 1715 2144 spernendis
1741 2100 1828 2132 totos

245 2145 329 2180 istos
364 2145 500 2191 triginta
534 2158 661 2190 versus,
697 2158 777 2191 quos
811 2147 933 2181 codices
966 2147 1000 2181 in
1034 2159 1136 2181 unum
1170 2158 1295 2182 carmen
1327 2148 1517 2182 coniunctos
1544 2147 1704 2188 exhibent,
1738 2145 1828 2179 nullo

247 2194 340 2228 modo
369 2194 565 2228 dirimendos
597 2197 627 2228 et
661 2196 783 2239 eodem,
821 2207 883 2240 quo
917 2195 1026 2230 traditi
1052 2199 1142 2239 sunt,
1179 2196 1290 2230 ordine
1322 2195 1498 2230 servandos
1524 2206 1594 2230 esse
1616 2195 1828 2230 demonstrat.

247 2242 311 2276 Sed
338 2243 376 2276 de
402 2242 459 2277 hac
485 2254 530 2284 re,
557 2243 586 2276 si
613 2244 670 2278 deo
697 2244 832 2289 placebit
853 2244 916 2279 alio
943 2244 1012 2278 loco
1038 2244 1286 2290 disputabimus,
1313 2244 1458 2279 hocloco
1476 2245 1511 2278 in
1539 2255 1667 2278 examen
1687 2244 1829 2278 vocaturi
